%YAML 1.1
%TAG !u! tag:unity3d.com,2011:
--- !u!1 &101104
GameObject:
  m_ObjectHideFlags: 1
  m_PrefabParentObject: {fileID: 0}
  m_PrefabInternal: {fileID: 100100000}
  serializedVersion: 4
  m_Component:
  - 4: {fileID: 499952}
  - 136: {fileID: 13638246}
  - 114: {fileID: 11405468}
  m_Layer: 9
  m_Name: LeftLegCollider
  m_TagString: Untagged
  m_Icon: {fileID: 0}
  m_NavMeshLayer: 0
  m_StaticEditorFlags: 0
  m_IsActive: 1
--- !u!1 &101380
GameObject:
  m_ObjectHideFlags: 1
  m_PrefabParentObject: {fileID: 0}
  m_PrefabInternal: {fileID: 100100000}
  serializedVersion: 4
  m_Component:
  - 4: {fileID: 433642}
  - 137: {fileID: 13773832}
  m_Layer: 9
  m_Name: mesh_L_Calf
  m_TagString: Untagged
  m_Icon: {fileID: 0}
  m_NavMeshLayer: 0
  m_StaticEditorFlags: 0
  m_IsActive: 1
--- !u!1 &102022
GameObject:
  m_ObjectHideFlags: 1
  m_PrefabParentObject: {fileID: 0}
  m_PrefabInternal: {fileID: 100100000}
  serializedVersion: 4
  m_Component:
  - 4: {fileID: 463554}
  - 137: {fileID: 13760218}
  m_Layer: 9
  m_Name: mesh_R_Pelvis
  m_TagString: Untagged
  m_Icon: {fileID: 0}
  m_NavMeshLayer: 0
  m_StaticEditorFlags: 0
  m_IsActive: 1
--- !u!1 &102220
GameObject:
  m_ObjectHideFlags: 1
  m_PrefabParentObject: {fileID: 0}
  m_PrefabInternal: {fileID: 100100000}
  serializedVersion: 4
  m_Component:
  - 4: {fileID: 439914}
  - 136: {fileID: 13659080}
  m_Layer: 9
  m_Name: LeftArmCollider (1)
  m_TagString: Non-TrigguerCollider
  m_Icon: {fileID: 0}
  m_NavMeshLayer: 0
  m_StaticEditorFlags: 0
  m_IsActive: 1
--- !u!1 &106060
GameObject:
  m_ObjectHideFlags: 1
  m_PrefabParentObject: {fileID: 0}
  m_PrefabInternal: {fileID: 100100000}
  serializedVersion: 4
  m_Component:
  - 4: {fileID: 486484}
  - 137: {fileID: 13773940}
  m_Layer: 9
  m_Name: mesh_R_Spine
  m_TagString: Untagged
  m_Icon: {fileID: 0}
  m_NavMeshLayer: 0
  m_StaticEditorFlags: 0
  m_IsActive: 1
--- !u!1 &106118
GameObject:
  m_ObjectHideFlags: 1
  m_PrefabParentObject: {fileID: 0}
  m_PrefabInternal: {fileID: 100100000}
  serializedVersion: 4
  m_Component:
  - 4: {fileID: 418830}
  - 137: {fileID: 13714412}
  m_Layer: 9
  m_Name: mesh_R_Hand
  m_TagString: Untagged
  m_Icon: {fileID: 0}
  m_NavMeshLayer: 0
  m_StaticEditorFlags: 0
  m_IsActive: 1
--- !u!1 &106842
GameObject:
  m_ObjectHideFlags: 1
  m_PrefabParentObject: {fileID: 0}
  m_PrefabInternal: {fileID: 100100000}
  serializedVersion: 4
  m_Component:
  - 4: {fileID: 442426}
  - 136: {fileID: 13672636}
  - 114: {fileID: 11436374}
  m_Layer: 9
  m_Name: RightForearmCollider
  m_TagString: Untagged
  m_Icon: {fileID: 0}
  m_NavMeshLayer: 0
  m_StaticEditorFlags: 0
  m_IsActive: 1
--- !u!1 &108450
GameObject:
  m_ObjectHideFlags: 1
  m_PrefabParentObject: {fileID: 0}
  m_PrefabInternal: {fileID: 100100000}
  serializedVersion: 4
  m_Component:
  - 4: {fileID: 422236}
  - 136: {fileID: 13663898}
  - 114: {fileID: 11434362}
  m_Layer: 9
  m_Name: RightLegBottomCollider
  m_TagString: Untagged
  m_Icon: {fileID: 0}
  m_NavMeshLayer: 0
  m_StaticEditorFlags: 0
  m_IsActive: 1
--- !u!1 &111324
GameObject:
  m_ObjectHideFlags: 1
  m_PrefabParentObject: {fileID: 0}
  m_PrefabInternal: {fileID: 100100000}
  serializedVersion: 4
  m_Component:
  - 4: {fileID: 438216}
  m_Layer: 9
  m_Name: Bip01 R Hand
  m_TagString: Untagged
  m_Icon: {fileID: 0}
  m_NavMeshLayer: 0
  m_StaticEditorFlags: 0
  m_IsActive: 1
--- !u!1 &113858
GameObject:
  m_ObjectHideFlags: 1
  m_PrefabParentObject: {fileID: 0}
  m_PrefabInternal: {fileID: 100100000}
  serializedVersion: 4
  m_Component:
  - 4: {fileID: 413374}
  - 136: {fileID: 13643912}
  - 114: {fileID: 11468904}
  m_Layer: 9
  m_Name: TorsoCollider
  m_TagString: Untagged
  m_Icon: {fileID: 0}
  m_NavMeshLayer: 0
  m_StaticEditorFlags: 0
  m_IsActive: 1
--- !u!1 &115852
GameObject:
  m_ObjectHideFlags: 1
  m_PrefabParentObject: {fileID: 0}
  m_PrefabInternal: {fileID: 100100000}
  serializedVersion: 4
  m_Component:
  - 4: {fileID: 480446}
  m_Layer: 9
  m_Name: Bip01 HeadNub
  m_TagString: Untagged
  m_Icon: {fileID: 0}
  m_NavMeshLayer: 0
  m_StaticEditorFlags: 0
  m_IsActive: 1
--- !u!1 &116554
GameObject:
  m_ObjectHideFlags: 1
  m_PrefabParentObject: {fileID: 0}
  m_PrefabInternal: {fileID: 100100000}
  serializedVersion: 4
  m_Component:
  - 4: {fileID: 434336}
  - 137: {fileID: 13747454}
  m_Layer: 9
  m_Name: mesh_L_Hand
  m_TagString: Untagged
  m_Icon: {fileID: 0}
  m_NavMeshLayer: 0
  m_StaticEditorFlags: 0
  m_IsActive: 1
--- !u!1 &117366
GameObject:
  m_ObjectHideFlags: 1
  m_PrefabParentObject: {fileID: 0}
  m_PrefabInternal: {fileID: 100100000}
  serializedVersion: 4
  m_Component:
  - 4: {fileID: 434064}
  - 136: {fileID: 13618918}
  m_Layer: 9
  m_Name: TorsoCollider2
  m_TagString: Non-TrigguerCollider
  m_Icon: {fileID: 0}
  m_NavMeshLayer: 0
  m_StaticEditorFlags: 0
  m_IsActive: 1
--- !u!1 &118498
GameObject:
  m_ObjectHideFlags: 1
  m_PrefabParentObject: {fileID: 0}
  m_PrefabInternal: {fileID: 100100000}
  serializedVersion: 4
  m_Component:
  - 4: {fileID: 413056}
  - 137: {fileID: 13704664}
  m_Layer: 9
  m_Name: mesh_L_Spine
  m_TagString: Untagged
  m_Icon: {fileID: 0}
  m_NavMeshLayer: 0
  m_StaticEditorFlags: 0
  m_IsActive: 1
--- !u!1 &118586
GameObject:
  m_ObjectHideFlags: 1
  m_PrefabParentObject: {fileID: 0}
  m_PrefabInternal: {fileID: 100100000}
  serializedVersion: 4
  m_Component:
  - 4: {fileID: 458828}
  - 137: {fileID: 13790168}
  m_Layer: 9
  m_Name: mesh_L_Forearm
  m_TagString: Untagged
  m_Icon: {fileID: 0}
  m_NavMeshLayer: 0
  m_StaticEditorFlags: 0
  m_IsActive: 1
--- !u!1 &119106
GameObject:
  m_ObjectHideFlags: 1
  m_PrefabParentObject: {fileID: 0}
  m_PrefabInternal: {fileID: 100100000}
  serializedVersion: 4
  m_Component:
  - 4: {fileID: 406186}
  - 137: {fileID: 13772944}
  m_Layer: 9
  m_Name: mesh_R_Spine1
  m_TagString: Untagged
  m_Icon: {fileID: 0}
  m_NavMeshLayer: 0
  m_StaticEditorFlags: 0
  m_IsActive: 1
--- !u!1 &121506
GameObject:
  m_ObjectHideFlags: 1
  m_PrefabParentObject: {fileID: 0}
  m_PrefabInternal: {fileID: 100100000}
  serializedVersion: 4
  m_Component:
  - 4: {fileID: 422488}
  - 136: {fileID: 13618544}
  - 114: {fileID: 11417214}
  m_Layer: 9
  m_Name: LeftHandCollider
  m_TagString: Untagged
  m_Icon: {fileID: 0}
  m_NavMeshLayer: 0
  m_StaticEditorFlags: 0
  m_IsActive: 1
--- !u!1 &122202
GameObject:
  m_ObjectHideFlags: 1
  m_PrefabParentObject: {fileID: 0}
  m_PrefabInternal: {fileID: 100100000}
  serializedVersion: 4
  m_Component:
  - 4: {fileID: 471616}
  m_Layer: 9
  m_Name: Bip01 L Foot
  m_TagString: Untagged
  m_Icon: {fileID: 0}
  m_NavMeshLayer: 0
  m_StaticEditorFlags: 0
  m_IsActive: 1
--- !u!1 &123946
GameObject:
  m_ObjectHideFlags: 1
  m_PrefabParentObject: {fileID: 0}
  m_PrefabInternal: {fileID: 100100000}
  serializedVersion: 4
  m_Component:
  - 4: {fileID: 491550}
  m_Layer: 9
  m_Name: Bip01 L UpperArm
  m_TagString: Untagged
  m_Icon: {fileID: 0}
  m_NavMeshLayer: 0
  m_StaticEditorFlags: 0
  m_IsActive: 1
--- !u!1 &125170
GameObject:
  m_ObjectHideFlags: 1
  m_PrefabParentObject: {fileID: 0}
  m_PrefabInternal: {fileID: 100100000}
  serializedVersion: 4
  m_Component:
  - 4: {fileID: 487618}
  m_Layer: 9
  m_Name: Bip01 L Forearm
  m_TagString: Untagged
  m_Icon: {fileID: 0}
  m_NavMeshLayer: 0
  m_StaticEditorFlags: 0
  m_IsActive: 1
--- !u!1 &127632
GameObject:
  m_ObjectHideFlags: 1
  m_PrefabParentObject: {fileID: 0}
  m_PrefabInternal: {fileID: 100100000}
  serializedVersion: 4
  m_Component:
  - 4: {fileID: 477284}
  m_Layer: 9
  m_Name: Bip01 R Thigh
  m_TagString: Untagged
  m_Icon: {fileID: 0}
  m_NavMeshLayer: 0
  m_StaticEditorFlags: 0
  m_IsActive: 1
--- !u!1 &128924
GameObject:
  m_ObjectHideFlags: 1
  m_PrefabParentObject: {fileID: 0}
  m_PrefabInternal: {fileID: 100100000}
  serializedVersion: 4
  m_Component:
  - 4: {fileID: 474856}
  - 137: {fileID: 13708740}
  m_Layer: 9
  m_Name: mesh_R _Calf
  m_TagString: Untagged
  m_Icon: {fileID: 0}
  m_NavMeshLayer: 0
  m_StaticEditorFlags: 0
  m_IsActive: 1
--- !u!1 &129466
GameObject:
  m_ObjectHideFlags: 1
  m_PrefabParentObject: {fileID: 0}
  m_PrefabInternal: {fileID: 100100000}
  serializedVersion: 4
  m_Component:
  - 4: {fileID: 429384}
  m_Layer: 9
  m_Name: Bip01 R Clavicle
  m_TagString: Untagged
  m_Icon: {fileID: 0}
  m_NavMeshLayer: 0
  m_StaticEditorFlags: 0
  m_IsActive: 1
--- !u!1 &133460
GameObject:
  m_ObjectHideFlags: 1
  m_PrefabParentObject: {fileID: 0}
  m_PrefabInternal: {fileID: 100100000}
  serializedVersion: 4
  m_Component:
  - 4: {fileID: 437448}
  - 136: {fileID: 13653254}
  m_Layer: 9
  m_Name: RightLegCollider (1)
  m_TagString: Non-TrigguerCollider
  m_Icon: {fileID: 0}
  m_NavMeshLayer: 0
  m_StaticEditorFlags: 0
  m_IsActive: 1
--- !u!1 &136206
GameObject:
  m_ObjectHideFlags: 1
  m_PrefabParentObject: {fileID: 0}
  m_PrefabInternal: {fileID: 100100000}
  serializedVersion: 4
  m_Component:
  - 4: {fileID: 486044}
  - 137: {fileID: 13789200}
  m_Layer: 9
  m_Name: mesh_L_Pelvis
  m_TagString: Untagged
  m_Icon: {fileID: 0}
  m_NavMeshLayer: 0
  m_StaticEditorFlags: 0
  m_IsActive: 1
--- !u!1 &136824
GameObject:
  m_ObjectHideFlags: 1
  m_PrefabParentObject: {fileID: 0}
  m_PrefabInternal: {fileID: 100100000}
  serializedVersion: 4
  m_Component:
  - 4: {fileID: 429258}
  - 136: {fileID: 13681536}
  - 114: {fileID: 11458930}
  m_Layer: 9
  m_Name: HeadCollider
  m_TagString: Head
  m_Icon: {fileID: 0}
  m_NavMeshLayer: 0
  m_StaticEditorFlags: 0
  m_IsActive: 1
--- !u!1 &137284
GameObject:
  m_ObjectHideFlags: 1
  m_PrefabParentObject: {fileID: 0}
  m_PrefabInternal: {fileID: 100100000}
  serializedVersion: 4
  m_Component:
  - 4: {fileID: 433794}
  m_Layer: 9
  m_Name: Bip01 L Clavicle
  m_TagString: Untagged
  m_Icon: {fileID: 0}
  m_NavMeshLayer: 0
  m_StaticEditorFlags: 0
  m_IsActive: 1
--- !u!1 &137452
GameObject:
  m_ObjectHideFlags: 1
  m_PrefabParentObject: {fileID: 0}
  m_PrefabInternal: {fileID: 100100000}
  serializedVersion: 4
  m_Component:
  - 4: {fileID: 419026}
  - 136: {fileID: 13645920}
  - 114: {fileID: 11487070}
  m_Layer: 9
  m_Name: RightHandCollider
  m_TagString: Untagged
  m_Icon: {fileID: 0}
  m_NavMeshLayer: 0
  m_StaticEditorFlags: 0
  m_IsActive: 1
--- !u!1 &137750
GameObject:
  m_ObjectHideFlags: 1
  m_PrefabParentObject: {fileID: 0}
  m_PrefabInternal: {fileID: 100100000}
  serializedVersion: 4
  m_Component:
  - 4: {fileID: 427802}
  - 137: {fileID: 13742044}
  m_Layer: 9
  m_Name: mesh_L_Spine1
  m_TagString: Untagged
  m_Icon: {fileID: 0}
  m_NavMeshLayer: 0
  m_StaticEditorFlags: 0
  m_IsActive: 1
--- !u!1 &139646
GameObject:
  m_ObjectHideFlags: 0
  m_PrefabParentObject: {fileID: 0}
  m_PrefabInternal: {fileID: 100100000}
  serializedVersion: 4
  m_Component:
  - 4: {fileID: 436494}
  m_Layer: 9
  m_Name: Bip01
  m_TagString: Untagged
  m_Icon: {fileID: 0}
  m_NavMeshLayer: 0
  m_StaticEditorFlags: 0
  m_IsActive: 1
--- !u!1 &139842
GameObject:
  m_ObjectHideFlags: 1
  m_PrefabParentObject: {fileID: 0}
  m_PrefabInternal: {fileID: 100100000}
  serializedVersion: 4
  m_Component:
  - 4: {fileID: 409134}
  - 136: {fileID: 13629540}
  - 114: {fileID: 11470534}
  m_Layer: 9
  m_Name: RightArmCollider
  m_TagString: Untagged
  m_Icon: {fileID: 0}
  m_NavMeshLayer: 0
  m_StaticEditorFlags: 0
  m_IsActive: 1
--- !u!1 &141712
GameObject:
  m_ObjectHideFlags: 1
  m_PrefabParentObject: {fileID: 0}
  m_PrefabInternal: {fileID: 100100000}
  serializedVersion: 4
  m_Component:
  - 4: {fileID: 410296}
  m_Layer: 9
  m_Name: Bone01
  m_TagString: Untagged
  m_Icon: {fileID: 0}
  m_NavMeshLayer: 0
  m_StaticEditorFlags: 0
  m_IsActive: 1
--- !u!1 &141858
GameObject:
  m_ObjectHideFlags: 1
  m_PrefabParentObject: {fileID: 0}
  m_PrefabInternal: {fileID: 100100000}
  serializedVersion: 4
  m_Component:
  - 4: {fileID: 486678}
  m_Layer: 9
  m_Name: Bip01 Neck
  m_TagString: Untagged
  m_Icon: {fileID: 0}
  m_NavMeshLayer: 0
  m_StaticEditorFlags: 0
  m_IsActive: 1
--- !u!1 &145152
GameObject:
  m_ObjectHideFlags: 1
  m_PrefabParentObject: {fileID: 0}
  m_PrefabInternal: {fileID: 100100000}
  serializedVersion: 4
  m_Component:
  - 4: {fileID: 400396}
  m_Layer: 9
  m_Name: Bip01 Head
  m_TagString: Untagged
  m_Icon: {fileID: 0}
  m_NavMeshLayer: 0
  m_StaticEditorFlags: 0
  m_IsActive: 1
--- !u!1 &146722
GameObject:
  m_ObjectHideFlags: 1
  m_PrefabParentObject: {fileID: 0}
  m_PrefabInternal: {fileID: 100100000}
  serializedVersion: 4
  m_Component:
  - 4: {fileID: 414594}
  - 136: {fileID: 13633592}
  m_Layer: 9
  m_Name: LeftLegCollider (1)
  m_TagString: Non-TrigguerCollider
  m_Icon: {fileID: 0}
  m_NavMeshLayer: 0
  m_StaticEditorFlags: 0
  m_IsActive: 1
--- !u!1 &148194
GameObject:
  m_ObjectHideFlags: 1
  m_PrefabParentObject: {fileID: 0}
  m_PrefabInternal: {fileID: 100100000}
  serializedVersion: 4
  m_Component:
  - 4: {fileID: 411796}
  m_Layer: 9
  m_Name: Bip01 Pelvis
  m_TagString: Untagged
  m_Icon: {fileID: 0}
  m_NavMeshLayer: 0
  m_StaticEditorFlags: 0
  m_IsActive: 1
--- !u!1 &149014
GameObject:
  m_ObjectHideFlags: 1
  m_PrefabParentObject: {fileID: 0}
  m_PrefabInternal: {fileID: 100100000}
  serializedVersion: 4
  m_Component:
  - 4: {fileID: 483786}
  - 136: {fileID: 13606012}
  - 114: {fileID: 11432386}
  m_Layer: 9
  m_Name: LeftLegBottomCollider
  m_TagString: Untagged
  m_Icon: {fileID: 0}
  m_NavMeshLayer: 0
  m_StaticEditorFlags: 0
  m_IsActive: 1
--- !u!1 &149980
GameObject:
  m_ObjectHideFlags: 1
  m_PrefabParentObject: {fileID: 0}
  m_PrefabInternal: {fileID: 100100000}
  serializedVersion: 4
  m_Component:
  - 4: {fileID: 433440}
  - 136: {fileID: 13669640}
  - 114: {fileID: 11481610}
  m_Layer: 9
  m_Name: RightLegCollider
  m_TagString: Untagged
  m_Icon: {fileID: 0}
  m_NavMeshLayer: 0
  m_StaticEditorFlags: 0
  m_IsActive: 1
--- !u!1 &153014
GameObject:
  m_ObjectHideFlags: 1
  m_PrefabParentObject: {fileID: 0}
  m_PrefabInternal: {fileID: 100100000}
  serializedVersion: 4
  m_Component:
  - 4: {fileID: 423036}
  - 137: {fileID: 13791210}
  m_Layer: 9
  m_Name: mesh_R_Forearm
  m_TagString: Untagged
  m_Icon: {fileID: 0}
  m_NavMeshLayer: 0
  m_StaticEditorFlags: 0
  m_IsActive: 1
--- !u!1 &154032
GameObject:
  m_ObjectHideFlags: 1
  m_PrefabParentObject: {fileID: 0}
  m_PrefabInternal: {fileID: 100100000}
  serializedVersion: 4
  m_Component:
  - 4: {fileID: 485400}
  - 136: {fileID: 13637292}
  m_Layer: 9
  m_Name: RightArmCollider (1)
  m_TagString: Non-TrigguerCollider
  m_Icon: {fileID: 0}
  m_NavMeshLayer: 0
  m_StaticEditorFlags: 0
  m_IsActive: 1
--- !u!1 &155280
GameObject:
  m_ObjectHideFlags: 1
  m_PrefabParentObject: {fileID: 0}
  m_PrefabInternal: {fileID: 100100000}
  serializedVersion: 4
  m_Component:
  - 4: {fileID: 423378}
  - 137: {fileID: 13751006}
  m_Layer: 9
  m_Name: mesh_L_UpperArm
  m_TagString: Untagged
  m_Icon: {fileID: 0}
  m_NavMeshLayer: 0
  m_StaticEditorFlags: 0
  m_IsActive: 1
--- !u!1 &157198
GameObject:
  m_ObjectHideFlags: 1
  m_PrefabParentObject: {fileID: 0}
  m_PrefabInternal: {fileID: 100100000}
  serializedVersion: 4
  m_Component:
  - 4: {fileID: 446550}
  - 136: {fileID: 13633516}
  - 114: {fileID: 11474344}
  m_Layer: 9
  m_Name: LeftFootCollider
  m_TagString: Untagged
  m_Icon: {fileID: 0}
  m_NavMeshLayer: 0
  m_StaticEditorFlags: 0
  m_IsActive: 1
--- !u!1 &160698
GameObject:
  m_ObjectHideFlags: 1
  m_PrefabParentObject: {fileID: 0}
  m_PrefabInternal: {fileID: 100100000}
  serializedVersion: 4
  m_Component:
  - 4: {fileID: 422852}
  m_Layer: 9
  m_Name: Bip01 L Calf
  m_TagString: Untagged
  m_Icon: {fileID: 0}
  m_NavMeshLayer: 0
  m_StaticEditorFlags: 0
  m_IsActive: 1
--- !u!1 &162268
GameObject:
  m_ObjectHideFlags: 1
  m_PrefabParentObject: {fileID: 0}
  m_PrefabInternal: {fileID: 100100000}
  serializedVersion: 4
  m_Component:
  - 4: {fileID: 492696}
  - 137: {fileID: 13753382}
  m_Layer: 9
  m_Name: mesh_R_Thigh
  m_TagString: Untagged
  m_Icon: {fileID: 0}
  m_NavMeshLayer: 0
  m_StaticEditorFlags: 0
  m_IsActive: 1
--- !u!1 &164256
GameObject:
  m_ObjectHideFlags: 1
  m_PrefabParentObject: {fileID: 0}
  m_PrefabInternal: {fileID: 100100000}
  serializedVersion: 4
  m_Component:
  - 4: {fileID: 498754}
  - 137: {fileID: 13785434}
  m_Layer: 9
  m_Name: mesh_R_UpperArm
  m_TagString: Untagged
  m_Icon: {fileID: 0}
  m_NavMeshLayer: 0
  m_StaticEditorFlags: 0
  m_IsActive: 1
--- !u!1 &166554
GameObject:
  m_ObjectHideFlags: 1
  m_PrefabParentObject: {fileID: 0}
  m_PrefabInternal: {fileID: 100100000}
  serializedVersion: 4
  m_Component:
  - 4: {fileID: 451972}
  - 136: {fileID: 13630926}
  m_Layer: 9
  m_Name: LeftLegBottomCollider (1)
  m_TagString: Non-TrigguerCollider
  m_Icon: {fileID: 0}
  m_NavMeshLayer: 0
  m_StaticEditorFlags: 0
  m_IsActive: 1
--- !u!1 &169094
GameObject:
  m_ObjectHideFlags: 1
  m_PrefabParentObject: {fileID: 0}
  m_PrefabInternal: {fileID: 100100000}
  serializedVersion: 4
  m_Component:
  - 4: {fileID: 403582}
  m_Layer: 9
  m_Name: Bip01 R Calf
  m_TagString: Untagged
  m_Icon: {fileID: 0}
  m_NavMeshLayer: 0
  m_StaticEditorFlags: 0
  m_IsActive: 1
--- !u!1 &169182
GameObject:
  m_ObjectHideFlags: 1
  m_PrefabParentObject: {fileID: 0}
  m_PrefabInternal: {fileID: 100100000}
  serializedVersion: 4
  m_Component:
  - 4: {fileID: 480498}
  - 136: {fileID: 13673184}
  - 114: {fileID: 11433328}
  m_Layer: 9
  m_Name: LeftForearmCollider
  m_TagString: Untagged
  m_Icon: {fileID: 0}
  m_NavMeshLayer: 0
  m_StaticEditorFlags: 0
  m_IsActive: 1
--- !u!1 &170706
GameObject:
  m_ObjectHideFlags: 1
  m_PrefabParentObject: {fileID: 0}
  m_PrefabInternal: {fileID: 100100000}
  serializedVersion: 4
  m_Component:
  - 4: {fileID: 479958}
  - 137: {fileID: 13757296}
  m_Layer: 9
  m_Name: mesh_Head
  m_TagString: Untagged
  m_Icon: {fileID: 0}
  m_NavMeshLayer: 0
  m_StaticEditorFlags: 0
  m_IsActive: 1
--- !u!1 &171784
GameObject:
  m_ObjectHideFlags: 1
  m_PrefabParentObject: {fileID: 0}
  m_PrefabInternal: {fileID: 100100000}
  serializedVersion: 4
  m_Component:
  - 4: {fileID: 472374}
  m_Layer: 9
  m_Name: Bip01 L Toe0Nub
  m_TagString: Untagged
  m_Icon: {fileID: 0}
  m_NavMeshLayer: 0
  m_StaticEditorFlags: 0
  m_IsActive: 1
--- !u!1 &172416
GameObject:
  m_ObjectHideFlags: 1
  m_PrefabParentObject: {fileID: 0}
  m_PrefabInternal: {fileID: 100100000}
  serializedVersion: 4
  m_Component:
  - 4: {fileID: 476360}
  m_Layer: 9
  m_Name: Bip01 R Toe0
  m_TagString: Untagged
  m_Icon: {fileID: 0}
  m_NavMeshLayer: 0
  m_StaticEditorFlags: 0
  m_IsActive: 1
--- !u!1 &173338
GameObject:
  m_ObjectHideFlags: 1
  m_PrefabParentObject: {fileID: 0}
  m_PrefabInternal: {fileID: 100100000}
  serializedVersion: 4
  m_Component:
  - 4: {fileID: 417682}
  m_Layer: 9
  m_Name: Bip01 Footsteps
  m_TagString: Untagged
  m_Icon: {fileID: 0}
  m_NavMeshLayer: 0
  m_StaticEditorFlags: 0
  m_IsActive: 1
--- !u!1 &174494
GameObject:
  m_ObjectHideFlags: 1
  m_PrefabParentObject: {fileID: 0}
  m_PrefabInternal: {fileID: 100100000}
  serializedVersion: 4
  m_Component:
  - 4: {fileID: 493024}
  m_Layer: 9
  m_Name: Bip01 Spine
  m_TagString: Untagged
  m_Icon: {fileID: 0}
  m_NavMeshLayer: 0
  m_StaticEditorFlags: 0
  m_IsActive: 1
--- !u!1 &175000
GameObject:
  m_ObjectHideFlags: 1
  m_PrefabParentObject: {fileID: 0}
  m_PrefabInternal: {fileID: 100100000}
  serializedVersion: 4
  m_Component:
  - 4: {fileID: 438564}
  m_Layer: 9
  m_Name: Bip01 L Hand
  m_TagString: Untagged
  m_Icon: {fileID: 0}
  m_NavMeshLayer: 0
  m_StaticEditorFlags: 0
  m_IsActive: 1
--- !u!1 &175082
GameObject:
  m_ObjectHideFlags: 1
  m_PrefabParentObject: {fileID: 0}
  m_PrefabInternal: {fileID: 100100000}
  serializedVersion: 4
  m_Component:
  - 4: {fileID: 417814}
  - 137: {fileID: 13750674}
  m_Layer: 9
  m_Name: mesh_L_Thigh
  m_TagString: Untagged
  m_Icon: {fileID: 0}
  m_NavMeshLayer: 0
  m_StaticEditorFlags: 0
  m_IsActive: 1
--- !u!1 &177580
GameObject:
  m_ObjectHideFlags: 1
  m_PrefabParentObject: {fileID: 0}
  m_PrefabInternal: {fileID: 100100000}
  serializedVersion: 4
  m_Component:
  - 4: {fileID: 435776}
  m_Layer: 9
  m_Name: Bip01 L Thigh
  m_TagString: Untagged
  m_Icon: {fileID: 0}
  m_NavMeshLayer: 0
  m_StaticEditorFlags: 0
  m_IsActive: 1
--- !u!1 &179320
GameObject:
  m_ObjectHideFlags: 0
  m_PrefabParentObject: {fileID: 0}
  m_PrefabInternal: {fileID: 100100000}
  serializedVersion: 4
  m_Component:
  - 4: {fileID: 447652}
  - 95: {fileID: 9559434}
  - 114: {fileID: 11403494}
  - 195: {fileID: 19517780}
  - 82: {fileID: 8222816}
  m_Layer: 9
  m_Name: Zombie
  m_TagString: Zombie
  m_Icon: {fileID: 0}
  m_NavMeshLayer: 0
  m_StaticEditorFlags: 0
  m_IsActive: 1
--- !u!1 &181410
GameObject:
  m_ObjectHideFlags: 1
  m_PrefabParentObject: {fileID: 0}
  m_PrefabInternal: {fileID: 100100000}
  serializedVersion: 4
  m_Component:
  - 4: {fileID: 467510}
  - 136: {fileID: 13679016}
  m_Layer: 9
  m_Name: HeadCollider (1)
  m_TagString: Non-TrigguerCollider
  m_Icon: {fileID: 0}
  m_NavMeshLayer: 0
  m_StaticEditorFlags: 0
  m_IsActive: 1
--- !u!1 &185652
GameObject:
  m_ObjectHideFlags: 0
  m_PrefabParentObject: {fileID: 0}
  m_PrefabInternal: {fileID: 100100000}
  serializedVersion: 4
  m_Component:
  - 4: {fileID: 499624}
  m_Layer: 9
  m_Name: BodyParts
  m_TagString: Untagged
  m_Icon: {fileID: 0}
  m_NavMeshLayer: 0
  m_StaticEditorFlags: 0
  m_IsActive: 1
--- !u!1 &189852
GameObject:
  m_ObjectHideFlags: 1
  m_PrefabParentObject: {fileID: 0}
  m_PrefabInternal: {fileID: 100100000}
  serializedVersion: 4
  m_Component:
  - 4: {fileID: 467866}
  m_Layer: 9
  m_Name: Bip01 L Toe0
  m_TagString: Untagged
  m_Icon: {fileID: 0}
  m_NavMeshLayer: 0
  m_StaticEditorFlags: 0
  m_IsActive: 1
--- !u!1 &192612
GameObject:
  m_ObjectHideFlags: 1
  m_PrefabParentObject: {fileID: 0}
  m_PrefabInternal: {fileID: 100100000}
  serializedVersion: 4
  m_Component:
  - 4: {fileID: 430908}
  m_Layer: 9
  m_Name: Bip01 R Forearm
  m_TagString: Untagged
  m_Icon: {fileID: 0}
  m_NavMeshLayer: 0
  m_StaticEditorFlags: 0
  m_IsActive: 1
--- !u!1 &192780
GameObject:
  m_ObjectHideFlags: 1
  m_PrefabParentObject: {fileID: 0}
  m_PrefabInternal: {fileID: 100100000}
  serializedVersion: 4
  m_Component:
  - 4: {fileID: 455908}
  m_Layer: 9
  m_Name: Bip01 Spine1
  m_TagString: Untagged
  m_Icon: {fileID: 0}
  m_NavMeshLayer: 0
  m_StaticEditorFlags: 0
  m_IsActive: 1
--- !u!1 &193376
GameObject:
  m_ObjectHideFlags: 1
  m_PrefabParentObject: {fileID: 0}
  m_PrefabInternal: {fileID: 100100000}
  serializedVersion: 4
  m_Component:
  - 4: {fileID: 454684}
  - 136: {fileID: 13626734}
  - 114: {fileID: 11405308}
  m_Layer: 9
  m_Name: RightFootCollider
  m_TagString: Untagged
  m_Icon: {fileID: 0}
  m_NavMeshLayer: 0
  m_StaticEditorFlags: 0
  m_IsActive: 1
--- !u!1 &194040
GameObject:
  m_ObjectHideFlags: 1
  m_PrefabParentObject: {fileID: 0}
  m_PrefabInternal: {fileID: 100100000}
  serializedVersion: 4
  m_Component:
  - 4: {fileID: 486938}
  - 136: {fileID: 13641850}
  m_Layer: 9
  m_Name: RightLegBottomCollider (1)
  m_TagString: Non-TrigguerCollider
  m_Icon: {fileID: 0}
  m_NavMeshLayer: 0
  m_StaticEditorFlags: 0
  m_IsActive: 1
--- !u!1 &195690
GameObject:
  m_ObjectHideFlags: 1
  m_PrefabParentObject: {fileID: 0}
  m_PrefabInternal: {fileID: 100100000}
  serializedVersion: 4
  m_Component:
  - 4: {fileID: 462208}
  m_Layer: 9
  m_Name: Bip01 R Toe0Nub
  m_TagString: Untagged
  m_Icon: {fileID: 0}
  m_NavMeshLayer: 0
  m_StaticEditorFlags: 0
  m_IsActive: 1
--- !u!1 &196710
GameObject:
  m_ObjectHideFlags: 1
  m_PrefabParentObject: {fileID: 0}
  m_PrefabInternal: {fileID: 100100000}
  serializedVersion: 4
  m_Component:
  - 4: {fileID: 461718}
  m_Layer: 9
  m_Name: Bip01 R UpperArm
  m_TagString: Untagged
  m_Icon: {fileID: 0}
  m_NavMeshLayer: 0
  m_StaticEditorFlags: 0
  m_IsActive: 1
--- !u!1 &199644
GameObject:
  m_ObjectHideFlags: 1
  m_PrefabParentObject: {fileID: 0}
  m_PrefabInternal: {fileID: 100100000}
  serializedVersion: 4
  m_Component:
  - 4: {fileID: 452612}
  m_Layer: 9
  m_Name: Bip01 R Foot
  m_TagString: Untagged
  m_Icon: {fileID: 0}
  m_NavMeshLayer: 0
  m_StaticEditorFlags: 0
  m_IsActive: 1
--- !u!1 &199852
GameObject:
  m_ObjectHideFlags: 1
  m_PrefabParentObject: {fileID: 0}
  m_PrefabInternal: {fileID: 100100000}
  serializedVersion: 4
  m_Component:
  - 4: {fileID: 489308}
  - 136: {fileID: 13602056}
  - 114: {fileID: 11493084}
  m_Layer: 9
  m_Name: LeftArmCollider
  m_TagString: Untagged
  m_Icon: {fileID: 0}
  m_NavMeshLayer: 0
  m_StaticEditorFlags: 0
  m_IsActive: 1
--- !u!4 &400396
Transform:
  m_ObjectHideFlags: 1
  m_PrefabParentObject: {fileID: 0}
  m_PrefabInternal: {fileID: 100100000}
  m_GameObject: {fileID: 145152}
  m_LocalRotation: {x: -0.03940595, y: -0.055803154, z: 0.530347, w: 0.8450238}
  m_LocalPosition: {x: -0.12610061, y: 0, z: 0.0000000047683715}
  m_LocalScale: {x: 1, y: 1, z: 1.0000001}
  m_LocalEulerAnglesHint: {x: -0.4245, y: 352.1771, z: 64.2548}
  m_Children:
  - {fileID: 429258}
  - {fileID: 467510}
  - {fileID: 480446}
  - {fileID: 410296}
  m_Father: {fileID: 486678}
  m_RootOrder: 0
--- !u!4 &403582
Transform:
  m_ObjectHideFlags: 1
  m_PrefabParentObject: {fileID: 0}
  m_PrefabInternal: {fileID: 100100000}
  m_GameObject: {fileID: 169094}
  m_LocalRotation: {x: -0.000000009004512, y: 0.000000005471844, z: 0.2370733, w: 0.9714918}
  m_LocalPosition: {x: -0.40058428, y: 0, z: -0.000000019073486}
  m_LocalScale: {x: 1.0000001, y: 1, z: 1.0000001}
  m_LocalEulerAnglesHint: {x: 0.00000019373209, y: 0.0000000036567371, z: 35.202522}
  m_Children:
  - {fileID: 422236}
  - {fileID: 486938}
  - {fileID: 452612}
  m_Father: {fileID: 477284}
  m_RootOrder: 2
--- !u!4 &406186
Transform:
  m_ObjectHideFlags: 1
  m_PrefabParentObject: {fileID: 0}
  m_PrefabInternal: {fileID: 100100000}
  m_GameObject: {fileID: 119106}
  m_LocalRotation: {x: -0.7071068, y: 0, z: 0, w: 0.7071068}
  m_LocalPosition: {x: 0, y: 0, z: 0}
  m_LocalScale: {x: 1, y: 1, z: 1}
  m_LocalEulerAnglesHint: {x: -90, y: 0, z: 0}
  m_Children: []
  m_Father: {fileID: 499624}
  m_RootOrder: 14
--- !u!4 &409134
Transform:
  m_ObjectHideFlags: 1
  m_PrefabParentObject: {fileID: 0}
  m_PrefabInternal: {fileID: 100100000}
  m_GameObject: {fileID: 139842}
  m_LocalRotation: {x: -0.43382448, y: -0.4850697, z: 0.49423617, w: -0.57639784}
  m_LocalPosition: {x: -0.16786897, y: 0.016421046, z: 0.006088719}
  m_LocalScale: {x: 1, y: 1, z: 1}
  m_LocalEulerAnglesHint: {x: 78.4039, y: -319.569, z: -47.7884}
  m_Children: []
  m_Father: {fileID: 461718}
  m_RootOrder: 0
--- !u!4 &410296
Transform:
  m_ObjectHideFlags: 1
  m_PrefabParentObject: {fileID: 0}
  m_PrefabInternal: {fileID: 100100000}
  m_GameObject: {fileID: 141712}
  m_LocalRotation: {x: -0.5849704, y: 0.8110547, z: 0.00000006293869, w: 0.0000005425281}
  m_LocalPosition: {x: -0.019470824, y: 0.027223663, z: 0.00000030517577}
  m_LocalScale: {x: 0.99999994, y: 0.9999994, z: 1.0000001}
  m_LocalEulerAnglesHint: {x: 360, y: 179.9999, z: 288.3982}
  m_Children: []
  m_Father: {fileID: 400396}
  m_RootOrder: 3
--- !u!4 &411796
Transform:
  m_ObjectHideFlags: 1
  m_PrefabParentObject: {fileID: 0}
  m_PrefabInternal: {fileID: 100100000}
  m_GameObject: {fileID: 148194}
  m_LocalRotation: {x: -0.49999964, y: 0.50000036, z: 0.49999964, w: 0.50000036}
  m_LocalPosition: {x: 0, y: 0, z: 0}
  m_LocalScale: {x: 1, y: 1, z: 1}
  m_LocalEulerAnglesHint: {x: -90, y: 90, z: 0}
  m_Children:
  - {fileID: 493024}
  m_Father: {fileID: 436494}
  m_RootOrder: 1
--- !u!4 &413056
Transform:
  m_ObjectHideFlags: 1
  m_PrefabParentObject: {fileID: 0}
  m_PrefabInternal: {fileID: 100100000}
  m_GameObject: {fileID: 118498}
  m_LocalRotation: {x: -0.7071068, y: 0, z: 0, w: 0.7071068}
  m_LocalPosition: {x: 0, y: 0, z: 0}
  m_LocalScale: {x: 1, y: 1, z: 1}
  m_LocalEulerAnglesHint: {x: -90, y: 0, z: 0}
  m_Children: []
  m_Father: {fileID: 499624}
  m_RootOrder: 5
--- !u!4 &413374
Transform:
  m_ObjectHideFlags: 1
  m_PrefabParentObject: {fileID: 0}
  m_PrefabInternal: {fileID: 100100000}
  m_GameObject: {fileID: 113858}
  m_LocalRotation: {x: 0.47732812, y: -0.56730574, z: -0.43935058, w: -0.5072407}
  m_LocalPosition: {x: -0.29617602, y: 0.050169114, z: 0.0040363087}
  m_LocalScale: {x: 1, y: 1, z: 1}
  m_LocalEulerAnglesHint: {x: -79.337, y: 122.4776, z: -31.2065}
  m_Children: []
  m_Father: {fileID: 493024}
  m_RootOrder: 0
--- !u!4 &414594
Transform:
  m_ObjectHideFlags: 1
  m_PrefabParentObject: {fileID: 0}
  m_PrefabInternal: {fileID: 100100000}
  m_GameObject: {fileID: 146722}
  m_LocalRotation: {x: 0.508208, y: 0.53913534, z: 0.4379524, w: -0.5091713}
  m_LocalPosition: {x: -0.14610946, y: 0.009543335, z: -0.004233991}
  m_LocalScale: {x: 1, y: 1, z: 1}
  m_LocalEulerAnglesHint: {x: -81.7939, y: -133.2971, z: 45.611797}
  m_Children: []
  m_Father: {fileID: 435776}
  m_RootOrder: 1
--- !u!4 &417682
Transform:
  m_ObjectHideFlags: 1
  m_PrefabParentObject: {fileID: 0}
  m_PrefabInternal: {fileID: 100100000}
  m_GameObject: {fileID: 173338}
  m_LocalRotation: {x: -0.06162838, y: 0.061628457, z: -0.70441556, w: 0.7044165}
  m_LocalPosition: {x: -0.14383285, y: -2.0387232e-10, z: -0.81571674}
  m_LocalScale: {x: 1, y: 1, z: 1}
  m_LocalEulerAnglesHint: {x: 0, y: 10, z: 270.0001}
  m_Children: []
  m_Father: {fileID: 436494}
  m_RootOrder: 0
--- !u!4 &417814
Transform:
  m_ObjectHideFlags: 1
  m_PrefabParentObject: {fileID: 0}
  m_PrefabInternal: {fileID: 100100000}
  m_GameObject: {fileID: 175082}
  m_LocalRotation: {x: -0.7071068, y: 0, z: 0, w: 0.7071068}
  m_LocalPosition: {x: 0, y: 0, z: 0}
  m_LocalScale: {x: 1, y: 1, z: 1}
  m_LocalEulerAnglesHint: {x: -90, y: 0, z: 0}
  m_Children: []
  m_Father: {fileID: 499624}
  m_RootOrder: 7
--- !u!4 &418830
Transform:
  m_ObjectHideFlags: 1
  m_PrefabParentObject: {fileID: 0}
  m_PrefabInternal: {fileID: 100100000}
  m_GameObject: {fileID: 106118}
  m_LocalRotation: {x: -0.7071068, y: 0, z: 0, w: 0.7071068}
  m_LocalPosition: {x: 0, y: 0, z: 0}
  m_LocalScale: {x: 1, y: 1, z: 1}
  m_LocalEulerAnglesHint: {x: -90, y: 0, z: 0}
  m_Children: []
  m_Father: {fileID: 499624}
  m_RootOrder: 11
--- !u!4 &419026
Transform:
  m_ObjectHideFlags: 1
  m_PrefabParentObject: {fileID: 0}
  m_PrefabInternal: {fileID: 100100000}
  m_GameObject: {fileID: 137452}
  m_LocalRotation: {x: -0.5319754, y: -0.5076585, z: 0.6511873, w: -0.1877238}
  m_LocalPosition: {x: -0.30665886, y: 0.029165005, z: 0.05444999}
  m_LocalScale: {x: 1, y: 1, z: 1}
  m_LocalEulerAnglesHint: {x: 59.4167, y: -99.209595, z: 144.47499}
  m_Children: []
  m_Father: {fileID: 430908}
  m_RootOrder: 1
--- !u!4 &422236
Transform:
  m_ObjectHideFlags: 1
  m_PrefabParentObject: {fileID: 0}
  m_PrefabInternal: {fileID: 100100000}
  m_GameObject: {fileID: 108450}
  m_LocalRotation: {x: 0.5240805, y: 0.50302464, z: 0.48304752, w: -0.4888467}
  m_LocalPosition: {x: -0.1300056, y: -0.019352194, z: -0.0007674227}
  m_LocalScale: {x: 1, y: 1, z: 1}
  m_LocalEulerAnglesHint: {x: -86.7178, y: 165.3223, z: 106.216995}
  m_Children: []
  m_Father: {fileID: 403582}
  m_RootOrder: 0
--- !u!4 &422488
Transform:
  m_ObjectHideFlags: 1
  m_PrefabParentObject: {fileID: 0}
  m_PrefabInternal: {fileID: 100100000}
  m_GameObject: {fileID: 121506}
  m_LocalRotation: {x: -0.8058158, y: -0.21588467, z: 0.33422923, w: -0.4385721}
  m_LocalPosition: {x: -0.3076234, y: 0.05283761, z: -0.05700237}
  m_LocalScale: {x: 1, y: 1, z: 1}
  m_LocalEulerAnglesHint: {x: 58.3344, y: -138.2894, z: 174.0125}
  m_Children: []
  m_Father: {fileID: 487618}
  m_RootOrder: 1
--- !u!4 &422852
Transform:
  m_ObjectHideFlags: 1
  m_PrefabParentObject: {fileID: 0}
  m_PrefabInternal: {fileID: 100100000}
  m_GameObject: {fileID: 160698}
  m_LocalRotation: {x: -0.0000000059303398, y: 0.0000000061068994, z: 0.2627631, w: 0.9648604}
  m_LocalPosition: {x: -0.40058425, y: 0, z: 0}
  m_LocalScale: {x: 1.0000001, y: 1.0000001, z: 1.0000001}
  m_LocalEulerAnglesHint: {x: -0.0000020918744, y: 0.000002987441, z: 41.095936}
  m_Children:
  - {fileID: 483786}
  - {fileID: 451972}
  - {fileID: 471616}
  m_Father: {fileID: 435776}
  m_RootOrder: 2
--- !u!4 &423036
Transform:
  m_ObjectHideFlags: 1
  m_PrefabParentObject: {fileID: 0}
  m_PrefabInternal: {fileID: 100100000}
  m_GameObject: {fileID: 153014}
  m_LocalRotation: {x: -0.7071068, y: 0, z: 0, w: 0.7071068}
  m_LocalPosition: {x: 0, y: 0, z: 0}
  m_LocalScale: {x: 1, y: 1, z: 1}
  m_LocalEulerAnglesHint: {x: -90, y: 0, z: 0}
  m_Children: []
  m_Father: {fileID: 499624}
  m_RootOrder: 10
--- !u!4 &423378
Transform:
  m_ObjectHideFlags: 1
  m_PrefabParentObject: {fileID: 0}
  m_PrefabInternal: {fileID: 100100000}
  m_GameObject: {fileID: 155280}
  m_LocalRotation: {x: -0.7071068, y: 0, z: 0, w: 0.7071068}
  m_LocalPosition: {x: 0, y: 0, z: 0}
  m_LocalScale: {x: 1, y: 1, z: 1}
  m_LocalEulerAnglesHint: {x: -90, y: 0, z: 0}
  m_Children: []
  m_Father: {fileID: 499624}
  m_RootOrder: 8
--- !u!4 &427802
Transform:
  m_ObjectHideFlags: 1
  m_PrefabParentObject: {fileID: 0}
  m_PrefabInternal: {fileID: 100100000}
  m_GameObject: {fileID: 137750}
  m_LocalRotation: {x: -0.7071068, y: 0, z: 0, w: 0.7071068}
  m_LocalPosition: {x: 0, y: 0, z: 0}
  m_LocalScale: {x: 1, y: 1, z: 1}
  m_LocalEulerAnglesHint: {x: -90, y: 0, z: 0}
  m_Children: []
  m_Father: {fileID: 499624}
  m_RootOrder: 6
--- !u!4 &429258
Transform:
  m_ObjectHideFlags: 1
  m_PrefabParentObject: {fileID: 0}
  m_PrefabInternal: {fileID: 100100000}
  m_GameObject: {fileID: 136824}
  m_LocalRotation: {x: 0.5433787, y: -0.4426908, z: -0.5521875, w: -0.45150134}
  m_LocalPosition: {x: -0.10244341, y: 0.011660655, z: 0.00049846526}
  m_LocalScale: {x: 1, y: 1, z: 1}
  m_LocalEulerAnglesHint: {x: -78.3983, y: -84.999695, z: 174.99959}
  m_Children: []
  m_Father: {fileID: 400396}
  m_RootOrder: 0
--- !u!4 &429384
Transform:
  m_ObjectHideFlags: 1
  m_PrefabParentObject: {fileID: 0}
  m_PrefabInternal: {fileID: 100100000}
  m_GameObject: {fileID: 129466}
  m_LocalRotation: {x: 0.57403994, y: 0.2590004, z: 0.7080522, w: -0.3194668}
  m_LocalPosition: {x: -0.000000076293944, y: 0.00010040283, z: -0.028040813}
  m_LocalScale: {x: 1.0000001, y: 1, z: 1}
  m_LocalEulerAnglesHint: {x: 312.81558, y: 72.28578, z: 193.18689}
  m_Children:
  - {fileID: 461718}
  m_Father: {fileID: 486678}
  m_RootOrder: 2
--- !u!4 &430908
Transform:
  m_ObjectHideFlags: 1
  m_PrefabParentObject: {fileID: 0}
  m_PrefabInternal: {fileID: 100100000}
  m_GameObject: {fileID: 192612}
  m_LocalRotation: {x: 0.000000027915325, y: 0.000000041457643, z: 0.49213135, w: 0.87052095}
  m_LocalPosition: {x: -0.31570113, y: -0.000000038146972, z: 0}
  m_LocalScale: {x: 1, y: 1.0000001, z: 1}
  m_LocalEulerAnglesHint: {x: 0.00000047152608, y: -0.000006367666, z: 62.462254}
  m_Children:
  - {fileID: 442426}
  - {fileID: 419026}
  - {fileID: 438216}
  m_Father: {fileID: 461718}
  m_RootOrder: 2
--- !u!4 &433440
Transform:
  m_ObjectHideFlags: 1
  m_PrefabParentObject: {fileID: 0}
  m_PrefabInternal: {fileID: 100100000}
  m_GameObject: {fileID: 149980}
  m_LocalRotation: {x: 0.51095647, y: 0.47548068, z: 0.5150935, w: -0.49751413}
  m_LocalPosition: {x: -0.102867916, y: 0.012493503, z: 0.0020282362}
  m_LocalScale: {x: 1, y: 1, z: 1}
  m_LocalEulerAnglesHint: {x: -86.61, y: 64.2572, z: -153.2314}
  m_Children: []
  m_Father: {fileID: 477284}
  m_RootOrder: 0
--- !u!4 &433642
Transform:
  m_ObjectHideFlags: 1
  m_PrefabParentObject: {fileID: 0}
  m_PrefabInternal: {fileID: 100100000}
  m_GameObject: {fileID: 101380}
  m_LocalRotation: {x: -0.7071068, y: 0, z: 0, w: 0.7071068}
  m_LocalPosition: {x: 0, y: 0, z: 0}
  m_LocalScale: {x: 1, y: 1, z: 1}
  m_LocalEulerAnglesHint: {x: -90, y: 0, z: 0}
  m_Children: []
  m_Father: {fileID: 499624}
  m_RootOrder: 1
--- !u!4 &433794
Transform:
  m_ObjectHideFlags: 1
  m_PrefabParentObject: {fileID: 0}
  m_PrefabInternal: {fileID: 100100000}
  m_GameObject: {fileID: 137284}
  m_LocalRotation: {x: -0.5426097, y: -0.244821, z: 0.73241687, w: -0.33045873}
  m_LocalPosition: {x: -0.000000076293944, y: 0.00010025024, z: 0.028040834}
  m_LocalScale: {x: 1.0000001, y: 1, z: 1.0000001}
  m_LocalEulerAnglesHint: {x: 45.82726, y: 294.70862, z: 198.26407}
  m_Children:
  - {fileID: 491550}
  m_Father: {fileID: 486678}
  m_RootOrder: 1
--- !u!4 &434064
Transform:
  m_ObjectHideFlags: 1
  m_PrefabParentObject: {fileID: 0}
  m_PrefabInternal: {fileID: 100100000}
  m_GameObject: {fileID: 117366}
  m_LocalRotation: {x: 0.47732812, y: -0.5673057, z: -0.43935066, w: -0.5072408}
  m_LocalPosition: {x: -0.29617602, y: 0.050169136, z: 0.0040363064}
  m_LocalScale: {x: 1, y: 1, z: 1}
  m_LocalEulerAnglesHint: {x: -79.3371, y: 122.47749, z: -31.2065}
  m_Children: []
  m_Father: {fileID: 493024}
  m_RootOrder: 1
--- !u!4 &434336
Transform:
  m_ObjectHideFlags: 1
  m_PrefabParentObject: {fileID: 0}
  m_PrefabInternal: {fileID: 100100000}
  m_GameObject: {fileID: 116554}
  m_LocalRotation: {x: -0.7071068, y: 0, z: 0, w: 0.7071068}
  m_LocalPosition: {x: 0, y: 0, z: 0}
  m_LocalScale: {x: 1, y: 1, z: 1}
  m_LocalEulerAnglesHint: {x: -90, y: 0, z: 0}
  m_Children: []
  m_Father: {fileID: 499624}
  m_RootOrder: 3
--- !u!4 &435776
Transform:
  m_ObjectHideFlags: 1
  m_PrefabParentObject: {fileID: 0}
  m_PrefabInternal: {fileID: 100100000}
  m_GameObject: {fileID: 177580}
  m_LocalRotation: {x: -0.35718927, y: 0.9303173, z: -0.06953557, w: 0.045720562}
  m_LocalPosition: {x: 0.09446098, y: 0.009258461, z: 0.07682929}
  m_LocalScale: {x: 0.9999999, y: 0.99999994, z: 1}
  m_LocalEulerAnglesHint: {x: 10.006901, y: 176.51318, z: 319.44217}
  m_Children:
  - {fileID: 499952}
  - {fileID: 414594}
  - {fileID: 422852}
  m_Father: {fileID: 493024}
  m_RootOrder: 2
--- !u!4 &436494
Transform:
  m_ObjectHideFlags: 1
  m_PrefabParentObject: {fileID: 0}
  m_PrefabInternal: {fileID: 100100000}
  m_GameObject: {fileID: 139646}
  m_LocalRotation: {x: -0.45451984, y: 0.45451912, z: 0.5416749, w: 0.5416755}
  m_LocalPosition: {x: 0, y: 0.82484573, z: 0.14795522}
  m_LocalScale: {x: 1, y: 1, z: 0.99999994}
  m_LocalEulerAnglesHint: {x: 280, y: -0.0001, z: 90}
  m_Children:
  - {fileID: 417682}
  - {fileID: 411796}
  m_Father: {fileID: 447652}
  m_RootOrder: 0
--- !u!4 &437448
Transform:
  m_ObjectHideFlags: 1
  m_PrefabParentObject: {fileID: 0}
  m_PrefabInternal: {fileID: 100100000}
  m_GameObject: {fileID: 133460}
  m_LocalRotation: {x: 0.51095647, y: 0.47548068, z: 0.51509356, w: -0.4975141}
  m_LocalPosition: {x: -0.102867916, y: 0.012493503, z: 0.0020282362}
  m_LocalScale: {x: 1, y: 1, z: 1}
  m_LocalEulerAnglesHint: {x: -86.61, y: 64.2572, z: -153.2314}
  m_Children: []
  m_Father: {fileID: 477284}
  m_RootOrder: 1
--- !u!4 &438216
Transform:
  m_ObjectHideFlags: 1
  m_PrefabParentObject: {fileID: 0}
  m_PrefabInternal: {fileID: 100100000}
  m_GameObject: {fileID: 111324}
  m_LocalRotation: {x: 0.42405188, y: 0.08525678, z: -0.29964215, w: 0.8503681}
  m_LocalPosition: {x: -0.24035004, y: -0.000000076293944, z: 0}
  m_LocalScale: {x: 1, y: 1, z: 0.99999994}
  m_LocalEulerAnglesHint: {x: 50.5603, y: 350.1085, z: 316.4979}
  m_Children: []
  m_Father: {fileID: 430908}
  m_RootOrder: 2
--- !u!4 &438564
Transform:
  m_ObjectHideFlags: 1
  m_PrefabParentObject: {fileID: 0}
  m_PrefabInternal: {fileID: 100100000}
  m_GameObject: {fileID: 175000}
  m_LocalRotation: {x: -0.42405185, y: -0.08525683, z: -0.29964215, w: 0.8503681}
  m_LocalPosition: {x: -0.24034995, y: 0, z: 0}
  m_LocalScale: {x: 1, y: 1, z: 1}
  m_LocalEulerAnglesHint: {x: 309.4397, y: 9.8914995, z: 316.4979}
  m_Children: []
  m_Father: {fileID: 487618}
  m_RootOrder: 2
--- !u!4 &439914
Transform:
  m_ObjectHideFlags: 1
  m_PrefabParentObject: {fileID: 0}
  m_PrefabInternal: {fileID: 100100000}
  m_GameObject: {fileID: 102220}
  m_LocalRotation: {x: -0.5579231, y: -0.67662984, z: 0.3470567, w: -0.3323336}
  m_LocalPosition: {x: -0.14020877, y: 0.01888183, z: -0.01631309}
  m_LocalScale: {x: 1, y: 1, z: 1}
  m_LocalEulerAnglesHint: {x: 57.191998, y: 173.3792, z: 75.4034}
  m_Children: []
  m_Father: {fileID: 491550}
  m_RootOrder: 1
--- !u!4 &442426
Transform:
  m_ObjectHideFlags: 1
  m_PrefabParentObject: {fileID: 0}
  m_PrefabInternal: {fileID: 100100000}
  m_GameObject: {fileID: 106842}
  m_LocalRotation: {x: -0.5878828, y: -0.56905377, z: 0.4254053, w: -0.38678414}
  m_LocalPosition: {x: -0.069910176, y: -0.004771803, z: -0.0052562384}
  m_LocalScale: {x: 1, y: 1, z: 1}
  m_LocalEulerAnglesHint: {x: 69.8717, y: -169.963, z: 98.8852}
  m_Children: []
  m_Father: {fileID: 430908}
  m_RootOrder: 0
--- !u!4 &446550
Transform:
  m_ObjectHideFlags: 1
  m_PrefabParentObject: {fileID: 0}
  m_PrefabInternal: {fileID: 100100000}
  m_GameObject: {fileID: 157198}
  m_LocalRotation: {x: 0.42256027, y: 0.4769291, z: 0.5716341, w: -0.5169294}
  m_LocalPosition: {x: -0.06142558, y: 0.04226752, z: -0.010785861}
  m_LocalScale: {x: 1, y: 1, z: 1}
  m_LocalEulerAnglesHint: {x: -79.150696, y: -3.0386, z: -93.242096}
  m_Children: []
  m_Father: {fileID: 471616}
  m_RootOrder: 0
--- !u!4 &447652
Transform:
  m_ObjectHideFlags: 1
  m_PrefabParentObject: {fileID: 0}
  m_PrefabInternal: {fileID: 100100000}
  m_GameObject: {fileID: 179320}
  m_LocalRotation: {x: 0, y: 0, z: 0, w: 1}
  m_LocalPosition: {x: -26.91033, y: 0.000004835127, z: 15.043625}
  m_LocalScale: {x: 1, y: 1, z: 1}
  m_LocalEulerAnglesHint: {x: 0, y: 0, z: 0}
  m_Children:
  - {fileID: 436494}
  - {fileID: 499624}
  m_Father: {fileID: 0}
  m_RootOrder: 0
--- !u!4 &451972
Transform:
  m_ObjectHideFlags: 1
  m_PrefabParentObject: {fileID: 0}
  m_PrefabInternal: {fileID: 100100000}
  m_GameObject: {fileID: 166554}
  m_LocalRotation: {x: 0.51240724, y: 0.503935, z: 0.48493135, w: -0.49832723}
  m_LocalPosition: {x: -0.12945966, y: -0.02863384, z: -0.004486608}
  m_LocalScale: {x: 1, y: 1, z: 1}
  m_LocalEulerAnglesHint: {x: -88.083595, y: -170.90889, z: 82.162094}
  m_Children: []
  m_Father: {fileID: 422852}
  m_RootOrder: 1
--- !u!4 &452612
Transform:
  m_ObjectHideFlags: 1
  m_PrefabParentObject: {fileID: 0}
  m_PrefabInternal: {fileID: 100100000}
  m_GameObject: {fileID: 199644}
  m_LocalRotation: {x: 0.068470426, y: -0.15534747, z: -0.2534272, w: 0.95234114}
  m_LocalPosition: {x: -0.40058413, y: 0.000000038146972, z: 0}
  m_LocalScale: {x: 1, y: 1, z: 1}
  m_LocalEulerAnglesHint: {x: 2.9621, y: 340.6685, z: 329.6922}
  m_Children:
  - {fileID: 454684}
  - {fileID: 476360}
  m_Father: {fileID: 403582}
  m_RootOrder: 2
--- !u!4 &454684
Transform:
  m_ObjectHideFlags: 1
  m_PrefabParentObject: {fileID: 0}
  m_PrefabInternal: {fileID: 100100000}
  m_GameObject: {fileID: 193376}
  m_LocalRotation: {x: 0.5716329, y: 0.5169289, z: 0.4225611, w: -0.4769302}
  m_LocalPosition: {x: -0.062731214, y: 0.048930578, z: 0.0061970493}
  m_LocalScale: {x: 1, y: 1, z: 1}
  m_LocalEulerAnglesHint: {x: -79.150795, y: -176.96109, z: 93.2418}
  m_Children: []
  m_Father: {fileID: 452612}
  m_RootOrder: 0
--- !u!4 &455908
Transform:
  m_ObjectHideFlags: 1
  m_PrefabParentObject: {fileID: 0}
  m_PrefabInternal: {fileID: 100100000}
  m_GameObject: {fileID: 192780}
  m_LocalRotation: {x: 0.015112828, y: -0.0008080067, z: -0.13970917, w: 0.9900769}
  m_LocalPosition: {x: -0.26960564, y: -0.0001932907, z: -0.0000060606003}
  m_LocalScale: {x: 1.0000001, y: 1, z: 1}
  m_LocalEulerAnglesHint: {x: 361.7019, y: -0.3338, z: 343.93118}
  m_Children:
  - {fileID: 486678}
  m_Father: {fileID: 493024}
  m_RootOrder: 4
--- !u!4 &458828
Transform:
  m_ObjectHideFlags: 1
  m_PrefabParentObject: {fileID: 0}
  m_PrefabInternal: {fileID: 100100000}
  m_GameObject: {fileID: 118586}
  m_LocalRotation: {x: -0.7071068, y: 0, z: 0, w: 0.7071068}
  m_LocalPosition: {x: 0, y: 0, z: 0}
  m_LocalScale: {x: 1, y: 1, z: 1}
  m_LocalEulerAnglesHint: {x: -90, y: 0, z: 0}
  m_Children: []
  m_Father: {fileID: 499624}
  m_RootOrder: 2
--- !u!4 &461718
Transform:
  m_ObjectHideFlags: 1
  m_PrefabParentObject: {fileID: 0}
  m_PrefabInternal: {fileID: 100100000}
  m_GameObject: {fileID: 196710}
  m_LocalRotation: {x: 0.26976308, y: 0.39129007, z: -0.0050664768, w: 0.8798263}
  m_LocalPosition: {x: -0.1523884, y: 0, z: 0}
  m_LocalScale: {x: 1, y: 1.0000001, z: 1}
  m_LocalEulerAnglesHint: {x: 342.6608, y: 32.34528, z: 7.851477}
  m_Children:
  - {fileID: 409134}
  - {fileID: 485400}
  - {fileID: 430908}
  m_Father: {fileID: 429384}
  m_RootOrder: 0
--- !u!4 &462208
Transform:
  m_ObjectHideFlags: 1
  m_PrefabParentObject: {fileID: 0}
  m_PrefabInternal: {fileID: 100100000}
  m_GameObject: {fileID: 195690}
  m_LocalRotation: {x: 0.0000000018626449, y: -0.0000000012951205, z: -2.3283064e-10,
    w: 1}
  m_LocalPosition: {x: -0.037750624, y: 0.0000000011920929, z: 0}
  m_LocalScale: {x: 1, y: 1.0000001, z: 1}
  m_LocalEulerAnglesHint: {x: 0, y: 0, z: 0}
  m_Children: []
  m_Father: {fileID: 476360}
  m_RootOrder: 0
--- !u!4 &463554
Transform:
  m_ObjectHideFlags: 1
  m_PrefabParentObject: {fileID: 0}
  m_PrefabInternal: {fileID: 100100000}
  m_GameObject: {fileID: 102022}
  m_LocalRotation: {x: -0.7071068, y: 0, z: 0, w: 0.7071068}
  m_LocalPosition: {x: 0, y: 0, z: 0}
  m_LocalScale: {x: 1, y: 1, z: 1}
  m_LocalEulerAnglesHint: {x: -90, y: 0, z: 0}
  m_Children: []
  m_Father: {fileID: 499624}
  m_RootOrder: 12
--- !u!4 &467510
Transform:
  m_ObjectHideFlags: 1
  m_PrefabParentObject: {fileID: 0}
  m_PrefabInternal: {fileID: 100100000}
  m_GameObject: {fileID: 181410}
  m_LocalRotation: {x: 0.5433787, y: -0.44269088, z: -0.5521874, w: -0.45150137}
  m_LocalPosition: {x: -0.102443315, y: 0.011660667, z: 0.00049845455}
  m_LocalScale: {x: 1, y: 1, z: 1}
  m_LocalEulerAnglesHint: {x: -78.3983, y: -84.999695, z: 174.99959}
  m_Children: []
  m_Father: {fileID: 400396}
  m_RootOrder: 1
--- !u!4 &467866
Transform:
  m_ObjectHideFlags: 1
  m_PrefabParentObject: {fileID: 0}
  m_PrefabInternal: {fileID: 100100000}
  m_GameObject: {fileID: 189852}
  m_LocalRotation: {x: 0.03741082, y: -0.05338168, z: -0.74041635, w: 0.6689802}
  m_LocalPosition: {x: -0.092134334, y: 0.11857254, z: 0.000000009536743}
  m_LocalScale: {x: 0.9999999, y: 0.99999994, z: 0.99999994}
  m_LocalEulerAnglesHint: {x: 358.41763, y: 352.6108, z: 265.60016}
  m_Children:
  - {fileID: 472374}
  m_Father: {fileID: 471616}
  m_RootOrder: 1
--- !u!4 &471616
Transform:
  m_ObjectHideFlags: 1
  m_PrefabParentObject: {fileID: 0}
  m_PrefabInternal: {fileID: 100100000}
  m_GameObject: {fileID: 122202}
  m_LocalRotation: {x: -0.11084686, y: 0.13439952, z: 0.008176544, w: 0.98467404}
  m_LocalPosition: {x: -0.40058422, y: -0.000000038146972, z: 0}
  m_LocalScale: {x: 1, y: 1, z: 1}
  m_LocalEulerAnglesHint: {x: 350.96616, y: 17.802723, z: 345.39935}
  m_Children:
  - {fileID: 446550}
  - {fileID: 467866}
  m_Father: {fileID: 422852}
  m_RootOrder: 2
--- !u!4 &472374
Transform:
  m_ObjectHideFlags: 1
  m_PrefabParentObject: {fileID: 0}
  m_PrefabInternal: {fileID: 100100000}
  m_GameObject: {fileID: 171784}
  m_LocalRotation: {x: 0.0000000012805685, y: -7.841221e-26, z: 1, w: 6.123234e-17}
  m_LocalPosition: {x: -0.03775066, y: 0, z: 0}
  m_LocalScale: {x: -1, y: -1, z: -1}
  m_LocalEulerAnglesHint: {x: 0, y: 0, z: -180}
  m_Children: []
  m_Father: {fileID: 467866}
  m_RootOrder: 0
--- !u!4 &474856
Transform:
  m_ObjectHideFlags: 1
  m_PrefabParentObject: {fileID: 0}
  m_PrefabInternal: {fileID: 100100000}
  m_GameObject: {fileID: 128924}
  m_LocalRotation: {x: -0.7071068, y: 0, z: 0, w: 0.7071068}
  m_LocalPosition: {x: 0, y: 0, z: 0}
  m_LocalScale: {x: 1, y: 1, z: 1}
  m_LocalEulerAnglesHint: {x: -90, y: 0, z: 0}
  m_Children: []
  m_Father: {fileID: 499624}
  m_RootOrder: 9
--- !u!4 &476360
Transform:
  m_ObjectHideFlags: 1
  m_PrefabParentObject: {fileID: 0}
  m_PrefabInternal: {fileID: 100100000}
  m_GameObject: {fileID: 172416}
  m_LocalRotation: {x: -0.042553414, y: 0.06072482, z: -0.71066666, w: 0.69961035}
  m_LocalPosition: {x: -0.09213436, y: 0.118572555, z: 0}
  m_LocalScale: {x: 1.0000001, y: 1.0000001, z: 1.0000001}
  m_LocalEulerAnglesHint: {x: 5.9624834, y: 94.24866, z: 249.27565}
  m_Children:
  - {fileID: 462208}
  m_Father: {fileID: 452612}
  m_RootOrder: 1
--- !u!4 &477284
Transform:
  m_ObjectHideFlags: 1
  m_PrefabParentObject: {fileID: 0}
  m_PrefabInternal: {fileID: 100100000}
  m_GameObject: {fileID: 127632}
  m_LocalRotation: {x: -0.063578345, y: 0.99231684, z: -0.04351062, w: -0.09680883}
  m_LocalPosition: {x: 0.08969703, y: -0.006102743, z: -0.082595006}
  m_LocalScale: {x: 0.99999994, y: 1.0000001, z: 1.0000001}
  m_LocalEulerAnglesHint: {x: 9.491514, y: 195.6611, z: 356.09283}
  m_Children:
  - {fileID: 433440}
  - {fileID: 437448}
  - {fileID: 403582}
  m_Father: {fileID: 493024}
  m_RootOrder: 3
--- !u!4 &479958
Transform:
  m_ObjectHideFlags: 1
  m_PrefabParentObject: {fileID: 0}
  m_PrefabInternal: {fileID: 100100000}
  m_GameObject: {fileID: 170706}
  m_LocalRotation: {x: -0.7071068, y: 0, z: 0, w: 0.7071068}
  m_LocalPosition: {x: 0, y: 0, z: 0}
  m_LocalScale: {x: 1, y: 1, z: 1}
  m_LocalEulerAnglesHint: {x: -90, y: 0, z: 0}
  m_Children: []
  m_Father: {fileID: 499624}
  m_RootOrder: 0
--- !u!4 &480446
Transform:
  m_ObjectHideFlags: 1
  m_PrefabParentObject: {fileID: 0}
  m_PrefabInternal: {fileID: 100100000}
  m_GameObject: {fileID: 115852}
  m_LocalRotation: {x: -2.7755582e-17, y: 0.0000000037252907, z: 0.0000000074505815,
    w: 1}
  m_LocalPosition: {x: -0.18827407, y: 0.000000038146972, z: 0.000000009536743}
  m_LocalScale: {x: 0.9999999, y: 0.9999999, z: 0.99999994}
  m_LocalEulerAnglesHint: {x: 0, y: 0, z: 0}
  m_Children: []
  m_Father: {fileID: 400396}
  m_RootOrder: 2
--- !u!4 &480498
Transform:
  m_ObjectHideFlags: 1
  m_PrefabParentObject: {fileID: 0}
  m_PrefabInternal: {fileID: 100100000}
  m_GameObject: {fileID: 169182}
  m_LocalRotation: {x: -0.6322525, y: -0.4745734, z: 0.44204047, w: -0.42383626}
  m_LocalPosition: {x: -0.093235716, y: -0.0013949535, z: -0.008515347}
  m_LocalScale: {x: 1, y: 1, z: 1}
  m_LocalEulerAnglesHint: {x: 72.843895, y: -147.91629, z: 130.1722}
  m_Children: []
  m_Father: {fileID: 487618}
  m_RootOrder: 0
--- !u!4 &483786
Transform:
  m_ObjectHideFlags: 1
  m_PrefabParentObject: {fileID: 0}
  m_PrefabInternal: {fileID: 100100000}
  m_GameObject: {fileID: 149014}
  m_LocalRotation: {x: 0.5124073, y: 0.5039349, z: 0.48493138, w: -0.49832717}
  m_LocalPosition: {x: -0.12945978, y: -0.02863374, z: -0.004486593}
  m_LocalScale: {x: 1, y: 1, z: 1}
  m_LocalEulerAnglesHint: {x: -88.083595, y: -170.90889, z: 82.162094}
  m_Children: []
  m_Father: {fileID: 422852}
  m_RootOrder: 0
--- !u!4 &485400
Transform:
  m_ObjectHideFlags: 1
  m_PrefabParentObject: {fileID: 0}
  m_PrefabInternal: {fileID: 100100000}
  m_GameObject: {fileID: 154032}
  m_LocalRotation: {x: -0.43382436, y: -0.48506957, z: 0.4942362, w: -0.57639784}
  m_LocalPosition: {x: -0.16786903, y: 0.016421035, z: 0.0060887933}
  m_LocalScale: {x: 1, y: 1, z: 1}
  m_LocalEulerAnglesHint: {x: 78.4039, y: -319.569, z: -47.7884}
  m_Children: []
  m_Father: {fileID: 461718}
  m_RootOrder: 1
--- !u!4 &486044
Transform:
  m_ObjectHideFlags: 1
  m_PrefabParentObject: {fileID: 0}
  m_PrefabInternal: {fileID: 100100000}
  m_GameObject: {fileID: 136206}
  m_LocalRotation: {x: -0.7071068, y: 0, z: 0, w: 0.7071068}
  m_LocalPosition: {x: 0, y: 0, z: 0}
  m_LocalScale: {x: 1, y: 1, z: 1}
  m_LocalEulerAnglesHint: {x: -90, y: 0, z: 0}
  m_Children: []
  m_Father: {fileID: 499624}
  m_RootOrder: 4
--- !u!4 &486484
Transform:
  m_ObjectHideFlags: 1
  m_PrefabParentObject: {fileID: 0}
  m_PrefabInternal: {fileID: 100100000}
  m_GameObject: {fileID: 106060}
  m_LocalRotation: {x: -0.7071068, y: 0, z: 0, w: 0.7071068}
  m_LocalPosition: {x: 0, y: 0, z: 0}
  m_LocalScale: {x: 1, y: 1, z: 1}
  m_LocalEulerAnglesHint: {x: -90, y: 0, z: 0}
  m_Children: []
  m_Father: {fileID: 499624}
  m_RootOrder: 13
--- !u!4 &486678
Transform:
  m_ObjectHideFlags: 1
  m_PrefabParentObject: {fileID: 0}
  m_PrefabInternal: {fileID: 100100000}
  m_GameObject: {fileID: 141858}
  m_LocalRotation: {x: 0.000000013352525, y: 0.0000011447545, z: -0.41090375, w: 0.91167873}
  m_LocalPosition: {x: -0.25273377, y: -0.00006652832, z: -0.0000000047683715}
  m_LocalScale: {x: 0.99999994, y: 1, z: 1}
  m_LocalEulerAnglesHint: {x: 0.0001, y: 0.0001, z: -48.5233}
  m_Children:
  - {fileID: 400396}
  - {fileID: 433794}
  - {fileID: 429384}
  m_Father: {fileID: 455908}
  m_RootOrder: 0
--- !u!4 &486938
Transform:
  m_ObjectHideFlags: 1
  m_PrefabParentObject: {fileID: 0}
  m_PrefabInternal: {fileID: 100100000}
  m_GameObject: {fileID: 194040}
  m_LocalRotation: {x: 0.5240805, y: 0.5030245, z: 0.4830475, w: -0.48884672}
  m_LocalPosition: {x: -0.13000551, y: -0.01935229, z: -0.0007674078}
  m_LocalScale: {x: 1, y: 1, z: 1}
  m_LocalEulerAnglesHint: {x: -86.7178, y: 165.3223, z: 106.216995}
  m_Children: []
  m_Father: {fileID: 403582}
  m_RootOrder: 1
--- !u!4 &487618
Transform:
  m_ObjectHideFlags: 1
  m_PrefabParentObject: {fileID: 0}
  m_PrefabInternal: {fileID: 100100000}
  m_GameObject: {fileID: 125170}
  m_LocalRotation: {x: -0.000000015194578, y: 0.00000002590716, z: 0.3950109, w: 0.91867644}
  m_LocalPosition: {x: -0.31570107, y: 0, z: -0.000000076293944}
  m_LocalScale: {x: 1, y: 1.0000001, z: 1}
  m_LocalEulerAnglesHint: {x: -0.0000017540649, y: -0.00000075359094, z: 49.814552}
  m_Children:
  - {fileID: 480498}
  - {fileID: 422488}
  - {fileID: 438564}
  m_Father: {fileID: 491550}
  m_RootOrder: 2
--- !u!4 &489308
Transform:
  m_ObjectHideFlags: 1
  m_PrefabParentObject: {fileID: 0}
  m_PrefabInternal: {fileID: 100100000}
  m_GameObject: {fileID: 199852}
  m_LocalRotation: {x: -0.5579231, y: -0.6766298, z: 0.34705684, w: -0.33233356}
  m_LocalPosition: {x: -0.14020877, y: 0.01888183, z: -0.01631309}
  m_LocalScale: {x: 1, y: 1, z: 1}
  m_LocalEulerAnglesHint: {x: 57.191998, y: 173.3792, z: 75.4034}
  m_Children: []
  m_Father: {fileID: 491550}
  m_RootOrder: 0
--- !u!4 &491550
Transform:
  m_ObjectHideFlags: 1
  m_PrefabParentObject: {fileID: 0}
  m_PrefabInternal: {fileID: 100100000}
  m_GameObject: {fileID: 123946}
  m_LocalRotation: {x: -0.084668234, y: -0.37674892, z: -0.20134561, w: 0.90019524}
  m_LocalPosition: {x: -0.1523885, y: 0.000000076293944, z: 0}
  m_LocalScale: {x: 0.99999994, y: 1.0000001, z: 1}
  m_LocalEulerAnglesHint: {x: 342.293, y: 317.4497, z: -18.2738}
  m_Children:
  - {fileID: 489308}
  - {fileID: 439914}
  - {fileID: 487618}
  m_Father: {fileID: 433794}
  m_RootOrder: 0
--- !u!4 &492696
Transform:
  m_ObjectHideFlags: 1
  m_PrefabParentObject: {fileID: 0}
  m_PrefabInternal: {fileID: 100100000}
  m_GameObject: {fileID: 162268}
  m_LocalRotation: {x: -0.7071068, y: 0, z: 0, w: 0.7071068}
  m_LocalPosition: {x: 0, y: 0, z: 0}
  m_LocalScale: {x: 1, y: 1, z: 1}
  m_LocalEulerAnglesHint: {x: -90, y: 0, z: 0}
  m_Children: []
  m_Father: {fileID: 499624}
  m_RootOrder: 15
--- !u!4 &493024
Transform:
  m_ObjectHideFlags: 1
  m_PrefabParentObject: {fileID: 0}
  m_PrefabInternal: {fileID: 100100000}
  m_GameObject: {fileID: 174494}
  m_LocalRotation: {x: 0.047870826, y: -0.015274341, z: -0.008139946, w: 0.9987036}
  m_LocalPosition: {x: -0.092137374, y: -0.00021356583, z: -0.000020446398}
  m_LocalScale: {x: 1, y: 1.0000001, z: 0.99999994}
  m_LocalEulerAnglesHint: {x: 5.4725, y: 358.1988, z: 358.97998}
  m_Children:
  - {fileID: 413374}
  - {fileID: 434064}
  - {fileID: 435776}
  - {fileID: 477284}
  - {fileID: 455908}
  m_Father: {fileID: 411796}
  m_RootOrder: 0
--- !u!4 &498754
Transform:
  m_ObjectHideFlags: 1
  m_PrefabParentObject: {fileID: 0}
  m_PrefabInternal: {fileID: 100100000}
  m_GameObject: {fileID: 164256}
  m_LocalRotation: {x: -0.7071068, y: 0, z: 0, w: 0.7071068}
  m_LocalPosition: {x: 0, y: 0, z: 0}
  m_LocalScale: {x: 1, y: 1, z: 1}
  m_LocalEulerAnglesHint: {x: -90, y: 0, z: 0}
  m_Children: []
  m_Father: {fileID: 499624}
  m_RootOrder: 16
--- !u!4 &499624
Transform:
  m_ObjectHideFlags: 1
  m_PrefabParentObject: {fileID: 0}
  m_PrefabInternal: {fileID: 100100000}
  m_GameObject: {fileID: 185652}
  m_LocalRotation: {x: 0, y: 0, z: 0, w: 1}
  m_LocalPosition: {x: 0, y: 0, z: 0}
  m_LocalScale: {x: 1, y: 1, z: 1}
  m_LocalEulerAnglesHint: {x: 0, y: 0, z: 0}
  m_Children:
  - {fileID: 479958}
  - {fileID: 433642}
  - {fileID: 458828}
  - {fileID: 434336}
  - {fileID: 486044}
  - {fileID: 413056}
  - {fileID: 427802}
  - {fileID: 417814}
  - {fileID: 423378}
  - {fileID: 474856}
  - {fileID: 423036}
  - {fileID: 418830}
  - {fileID: 463554}
  - {fileID: 486484}
  - {fileID: 406186}
  - {fileID: 492696}
  - {fileID: 498754}
  m_Father: {fileID: 447652}
  m_RootOrder: 1
--- !u!4 &499952
Transform:
  m_ObjectHideFlags: 1
  m_PrefabParentObject: {fileID: 0}
  m_PrefabInternal: {fileID: 100100000}
  m_GameObject: {fileID: 101104}
  m_LocalRotation: {x: 0.508208, y: 0.5391352, z: 0.4379524, w: -0.5091714}
  m_LocalPosition: {x: -0.14610946, y: 0.009543335, z: -0.004233991}
  m_LocalScale: {x: 1, y: 1, z: 1}
  m_LocalEulerAnglesHint: {x: -81.7939, y: -133.2971, z: 45.611797}
  m_Children: []
  m_Father: {fileID: 435776}
  m_RootOrder: 0
--- !u!82 &8222816
AudioSource:
  m_ObjectHideFlags: 1
  m_PrefabParentObject: {fileID: 0}
  m_PrefabInternal: {fileID: 100100000}
  m_GameObject: {fileID: 179320}
  m_Enabled: 1
  serializedVersion: 4
  OutputAudioMixerGroup: {fileID: 0}
  m_audioClip: {fileID: 0}
  m_PlayOnAwake: 0
  m_Volume: 1
  m_Pitch: 1
  Loop: 0
  Mute: 0
  Spatialize: 0
  Priority: 128
  DopplerLevel: 1
  MinDistance: 1
  MaxDistance: 500
  Pan2D: 0
  rolloffMode: 0
  BypassEffects: 0
  BypassListenerEffects: 0
  BypassReverbZones: 0
  rolloffCustomCurve:
    serializedVersion: 2
    m_Curve:
    - time: 0
      value: 1
      inSlope: 0
      outSlope: 0
      tangentMode: 0
    - time: 1
      value: 0
      inSlope: 0
      outSlope: 0
      tangentMode: 0
    m_PreInfinity: 2
    m_PostInfinity: 2
    m_RotationOrder: 4
  panLevelCustomCurve:
    serializedVersion: 2
    m_Curve:
    - time: 0
      value: 0
      inSlope: 0
      outSlope: 0
      tangentMode: 0
    m_PreInfinity: 2
    m_PostInfinity: 2
    m_RotationOrder: 0
  spreadCustomCurve:
    serializedVersion: 2
    m_Curve:
    - time: 0
      value: 0
      inSlope: 0
      outSlope: 0
      tangentMode: 0
    m_PreInfinity: 2
    m_PostInfinity: 2
    m_RotationOrder: 4
  reverbZoneMixCustomCurve:
    serializedVersion: 2
    m_Curve:
    - time: 0
      value: 1
      inSlope: 0
      outSlope: 0
      tangentMode: 0
    m_PreInfinity: 2
    m_PostInfinity: 2
    m_RotationOrder: 0
--- !u!95 &9559434
Animator:
  serializedVersion: 3
  m_ObjectHideFlags: 1
  m_PrefabParentObject: {fileID: 0}
  m_PrefabInternal: {fileID: 100100000}
  m_GameObject: {fileID: 179320}
  m_Enabled: 1
  m_Avatar: {fileID: 9000000, guid: 8141a1e3f5562ba4d910d6c02d5d213c, type: 3}
  m_Controller: {fileID: 9100000, guid: fe946e409f75c0e42a6130e4e3c90f3c, type: 2}
  m_CullingMode: 0
  m_UpdateMode: 0
  m_ApplyRootMotion: 1
  m_LinearVelocityBlending: 0
  m_WarningMessage: 
  m_HasTransformHierarchy: 1
  m_AllowConstantClipSamplingOptimization: 1
--- !u!114 &11403494
MonoBehaviour:
  m_ObjectHideFlags: 1
  m_PrefabParentObject: {fileID: 0}
  m_PrefabInternal: {fileID: 100100000}
  m_GameObject: {fileID: 179320}
  m_Enabled: 1
  m_EditorHideFlags: 0
  m_Script: {fileID: 11500000, guid: e29daf6414562174d95261df3802eee2, type: 3}
  m_Name: 
  m_EditorClassIdentifier: 
  alive: 0
  damage: 5
  health: 0
  dropRate: 30
  anim: {fileID: 9559434}
  dropCheck: 0
  dropManager: {fileID: 0}
  colliders:
  - {fileID: 113858}
  - {fileID: 101104}
  - {fileID: 149014}
  - {fileID: 157198}
  - {fileID: 149980}
  - {fileID: 108450}
  - {fileID: 193376}
  - {fileID: 136824}
  - {fileID: 199852}
  - {fileID: 169182}
  - {fileID: 121506}
  - {fileID: 139842}
  - {fileID: 106842}
  - {fileID: 137452}
  player: {fileID: 0}
  gameManager: {fileID: 0}
  navAgent: {fileID: 0}
  attackDistance: 0
  dyingAnimation: 
--- !u!114 &11405308
MonoBehaviour:
  m_ObjectHideFlags: 1
  m_PrefabParentObject: {fileID: 0}
  m_PrefabInternal: {fileID: 100100000}
  m_GameObject: {fileID: 193376}
  m_Enabled: 1
  m_EditorHideFlags: 0
  m_Script: {fileID: 11500000, guid: b8c0dd48d60beaf43935a1f0f4b33c67, type: 3}
  m_Name: 
  m_EditorClassIdentifier: 
  parent: {fileID: 11403494}
--- !u!114 &11405468
MonoBehaviour:
  m_ObjectHideFlags: 1
  m_PrefabParentObject: {fileID: 0}
  m_PrefabInternal: {fileID: 100100000}
  m_GameObject: {fileID: 101104}
  m_Enabled: 1
  m_EditorHideFlags: 0
  m_Script: {fileID: 11500000, guid: b8c0dd48d60beaf43935a1f0f4b33c67, type: 3}
  m_Name: 
  m_EditorClassIdentifier: 
  parent: {fileID: 11403494}
--- !u!114 &11417214
MonoBehaviour:
  m_ObjectHideFlags: 1
  m_PrefabParentObject: {fileID: 0}
  m_PrefabInternal: {fileID: 100100000}
  m_GameObject: {fileID: 121506}
  m_Enabled: 1
  m_EditorHideFlags: 0
  m_Script: {fileID: 11500000, guid: b8c0dd48d60beaf43935a1f0f4b33c67, type: 3}
  m_Name: 
  m_EditorClassIdentifier: 
  parent: {fileID: 11403494}
--- !u!114 &11432386
MonoBehaviour:
  m_ObjectHideFlags: 1
  m_PrefabParentObject: {fileID: 0}
  m_PrefabInternal: {fileID: 100100000}
  m_GameObject: {fileID: 149014}
  m_Enabled: 1
  m_EditorHideFlags: 0
  m_Script: {fileID: 11500000, guid: b8c0dd48d60beaf43935a1f0f4b33c67, type: 3}
  m_Name: 
  m_EditorClassIdentifier: 
  parent: {fileID: 11403494}
--- !u!114 &11433328
MonoBehaviour:
  m_ObjectHideFlags: 1
  m_PrefabParentObject: {fileID: 0}
  m_PrefabInternal: {fileID: 100100000}
  m_GameObject: {fileID: 169182}
  m_Enabled: 1
  m_EditorHideFlags: 0
  m_Script: {fileID: 11500000, guid: b8c0dd48d60beaf43935a1f0f4b33c67, type: 3}
  m_Name: 
  m_EditorClassIdentifier: 
  parent: {fileID: 11403494}
--- !u!114 &11434362
MonoBehaviour:
  m_ObjectHideFlags: 1
  m_PrefabParentObject: {fileID: 0}
  m_PrefabInternal: {fileID: 100100000}
  m_GameObject: {fileID: 108450}
  m_Enabled: 1
  m_EditorHideFlags: 0
  m_Script: {fileID: 11500000, guid: b8c0dd48d60beaf43935a1f0f4b33c67, type: 3}
  m_Name: 
  m_EditorClassIdentifier: 
  parent: {fileID: 11403494}
--- !u!114 &11436374
MonoBehaviour:
  m_ObjectHideFlags: 1
  m_PrefabParentObject: {fileID: 0}
  m_PrefabInternal: {fileID: 100100000}
  m_GameObject: {fileID: 106842}
  m_Enabled: 1
  m_EditorHideFlags: 0
  m_Script: {fileID: 11500000, guid: b8c0dd48d60beaf43935a1f0f4b33c67, type: 3}
  m_Name: 
  m_EditorClassIdentifier: 
  parent: {fileID: 11403494}
--- !u!114 &11458930
MonoBehaviour:
  m_ObjectHideFlags: 1
  m_PrefabParentObject: {fileID: 0}
  m_PrefabInternal: {fileID: 100100000}
  m_GameObject: {fileID: 136824}
  m_Enabled: 1
  m_EditorHideFlags: 0
  m_Script: {fileID: 11500000, guid: b8c0dd48d60beaf43935a1f0f4b33c67, type: 3}
  m_Name: 
  m_EditorClassIdentifier: 
  parent: {fileID: 11403494}
--- !u!114 &11468904
MonoBehaviour:
  m_ObjectHideFlags: 1
  m_PrefabParentObject: {fileID: 0}
  m_PrefabInternal: {fileID: 100100000}
  m_GameObject: {fileID: 113858}
  m_Enabled: 1
  m_EditorHideFlags: 0
  m_Script: {fileID: 11500000, guid: b8c0dd48d60beaf43935a1f0f4b33c67, type: 3}
  m_Name: 
  m_EditorClassIdentifier: 
  parent: {fileID: 11403494}
--- !u!114 &11470534
MonoBehaviour:
  m_ObjectHideFlags: 1
  m_PrefabParentObject: {fileID: 0}
  m_PrefabInternal: {fileID: 100100000}
  m_GameObject: {fileID: 139842}
  m_Enabled: 1
  m_EditorHideFlags: 0
  m_Script: {fileID: 11500000, guid: b8c0dd48d60beaf43935a1f0f4b33c67, type: 3}
  m_Name: 
  m_EditorClassIdentifier: 
  parent: {fileID: 11403494}
--- !u!114 &11474344
MonoBehaviour:
  m_ObjectHideFlags: 1
  m_PrefabParentObject: {fileID: 0}
  m_PrefabInternal: {fileID: 100100000}
  m_GameObject: {fileID: 157198}
  m_Enabled: 1
  m_EditorHideFlags: 0
  m_Script: {fileID: 11500000, guid: b8c0dd48d60beaf43935a1f0f4b33c67, type: 3}
  m_Name: 
  m_EditorClassIdentifier: 
  parent: {fileID: 11403494}
--- !u!114 &11481610
MonoBehaviour:
  m_ObjectHideFlags: 1
  m_PrefabParentObject: {fileID: 0}
  m_PrefabInternal: {fileID: 100100000}
  m_GameObject: {fileID: 149980}
  m_Enabled: 1
  m_EditorHideFlags: 0
  m_Script: {fileID: 11500000, guid: b8c0dd48d60beaf43935a1f0f4b33c67, type: 3}
  m_Name: 
  m_EditorClassIdentifier: 
  parent: {fileID: 11403494}
--- !u!114 &11487070
MonoBehaviour:
  m_ObjectHideFlags: 1
  m_PrefabParentObject: {fileID: 0}
  m_PrefabInternal: {fileID: 100100000}
  m_GameObject: {fileID: 137452}
  m_Enabled: 1
  m_EditorHideFlags: 0
  m_Script: {fileID: 11500000, guid: b8c0dd48d60beaf43935a1f0f4b33c67, type: 3}
  m_Name: 
  m_EditorClassIdentifier: 
  parent: {fileID: 11403494}
--- !u!114 &11493084
MonoBehaviour:
  m_ObjectHideFlags: 1
  m_PrefabParentObject: {fileID: 0}
  m_PrefabInternal: {fileID: 100100000}
  m_GameObject: {fileID: 199852}
  m_Enabled: 1
  m_EditorHideFlags: 0
  m_Script: {fileID: 11500000, guid: b8c0dd48d60beaf43935a1f0f4b33c67, type: 3}
  m_Name: 
  m_EditorClassIdentifier: 
  parent: {fileID: 11403494}
--- !u!136 &13602056
CapsuleCollider:
  m_ObjectHideFlags: 1
  m_PrefabParentObject: {fileID: 0}
  m_PrefabInternal: {fileID: 100100000}
  m_GameObject: {fileID: 199852}
  m_Material: {fileID: 0}
  m_IsTrigger: 1
  m_Enabled: 1
  m_Radius: 0.07
  m_Height: 0.5
  m_Direction: 1
  m_Center: {x: 0, y: 0, z: 0}
--- !u!136 &13606012
CapsuleCollider:
  m_ObjectHideFlags: 1
  m_PrefabParentObject: {fileID: 0}
  m_PrefabInternal: {fileID: 100100000}
  m_GameObject: {fileID: 149014}
  m_Material: {fileID: 0}
  m_IsTrigger: 1
  m_Enabled: 1
  m_Radius: 0.08
  m_Height: 0.5
  m_Direction: 1
  m_Center: {x: 0, y: 0, z: 0}
--- !u!136 &13618544
CapsuleCollider:
  m_ObjectHideFlags: 1
  m_PrefabParentObject: {fileID: 0}
  m_PrefabInternal: {fileID: 100100000}
  m_GameObject: {fileID: 121506}
  m_Material: {fileID: 0}
  m_IsTrigger: 1
  m_Enabled: 1
  m_Radius: 0.09
  m_Height: 0.2
  m_Direction: 1
  m_Center: {x: 0, y: 0, z: 0}
--- !u!136 &13618918
CapsuleCollider:
  m_ObjectHideFlags: 1
  m_PrefabParentObject: {fileID: 0}
  m_PrefabInternal: {fileID: 100100000}
  m_GameObject: {fileID: 117366}
  m_Material: {fileID: 0}
  m_IsTrigger: 0
  m_Enabled: 1
  m_Radius: 0.13
  m_Height: 0.6
  m_Direction: 1
  m_Center: {x: 0, y: 0, z: 0}
--- !u!136 &13626734
CapsuleCollider:
  m_ObjectHideFlags: 1
  m_PrefabParentObject: {fileID: 0}
  m_PrefabInternal: {fileID: 100100000}
  m_GameObject: {fileID: 193376}
  m_Material: {fileID: 0}
  m_IsTrigger: 1
  m_Enabled: 1
  m_Radius: 0.06
  m_Height: 0.3
  m_Direction: 2
  m_Center: {x: 0, y: 0, z: 0}
--- !u!136 &13629540
CapsuleCollider:
  m_ObjectHideFlags: 1
  m_PrefabParentObject: {fileID: 0}
  m_PrefabInternal: {fileID: 100100000}
  m_GameObject: {fileID: 139842}
  m_Material: {fileID: 0}
  m_IsTrigger: 1
  m_Enabled: 1
  m_Radius: 0.07
  m_Height: 0.5
  m_Direction: 1
  m_Center: {x: 0, y: 0, z: 0}
--- !u!136 &13630926
CapsuleCollider:
  m_ObjectHideFlags: 1
  m_PrefabParentObject: {fileID: 0}
  m_PrefabInternal: {fileID: 100100000}
  m_GameObject: {fileID: 166554}
  m_Material: {fileID: 0}
  m_IsTrigger: 0
  m_Enabled: 1
  m_Radius: 0.06
  m_Height: 0.5
  m_Direction: 1
  m_Center: {x: 0, y: 0, z: 0}
--- !u!136 &13633516
CapsuleCollider:
  m_ObjectHideFlags: 1
  m_PrefabParentObject: {fileID: 0}
  m_PrefabInternal: {fileID: 100100000}
  m_GameObject: {fileID: 157198}
  m_Material: {fileID: 0}
  m_IsTrigger: 1
  m_Enabled: 1
  m_Radius: 0.06
  m_Height: 0.3
  m_Direction: 2
  m_Center: {x: 0, y: 0, z: 0}
--- !u!136 &13633592
CapsuleCollider:
  m_ObjectHideFlags: 1
  m_PrefabParentObject: {fileID: 0}
  m_PrefabInternal: {fileID: 100100000}
  m_GameObject: {fileID: 146722}
  m_Material: {fileID: 0}
  m_IsTrigger: 0
  m_Enabled: 1
  m_Radius: 0.079
  m_Height: 0.6
  m_Direction: 1
  m_Center: {x: 0, y: 0, z: 0}
--- !u!136 &13637292
CapsuleCollider:
  m_ObjectHideFlags: 1
  m_PrefabParentObject: {fileID: 0}
  m_PrefabInternal: {fileID: 100100000}
  m_GameObject: {fileID: 154032}
  m_Material: {fileID: 0}
  m_IsTrigger: 0
  m_Enabled: 1
  m_Radius: 0.05
  m_Height: 0.5
  m_Direction: 1
  m_Center: {x: 0, y: 0, z: 0}
--- !u!136 &13638246
CapsuleCollider:
  m_ObjectHideFlags: 1
  m_PrefabParentObject: {fileID: 0}
  m_PrefabInternal: {fileID: 100100000}
  m_GameObject: {fileID: 101104}
  m_Material: {fileID: 0}
  m_IsTrigger: 1
  m_Enabled: 1
  m_Radius: 0.099
  m_Height: 0.6
  m_Direction: 1
  m_Center: {x: 0, y: 0, z: 0}
--- !u!136 &13641850
CapsuleCollider:
  m_ObjectHideFlags: 1
  m_PrefabParentObject: {fileID: 0}
  m_PrefabInternal: {fileID: 100100000}
  m_GameObject: {fileID: 194040}
  m_Material: {fileID: 0}
  m_IsTrigger: 0
  m_Enabled: 1
  m_Radius: 0.06
  m_Height: 0.5
  m_Direction: 1
  m_Center: {x: 0, y: 0, z: 0}
--- !u!136 &13643912
CapsuleCollider:
  m_ObjectHideFlags: 1
  m_PrefabParentObject: {fileID: 0}
  m_PrefabInternal: {fileID: 100100000}
  m_GameObject: {fileID: 113858}
  m_Material: {fileID: 0}
  m_IsTrigger: 1
  m_Enabled: 1
  m_Radius: 0.15
  m_Height: 0.6
  m_Direction: 1
  m_Center: {x: 0, y: 0, z: 0}
--- !u!136 &13645920
CapsuleCollider:
  m_ObjectHideFlags: 1
  m_PrefabParentObject: {fileID: 0}
  m_PrefabInternal: {fileID: 100100000}
  m_GameObject: {fileID: 137452}
  m_Material: {fileID: 0}
  m_IsTrigger: 1
  m_Enabled: 1
  m_Radius: 0.09
  m_Height: 0.2
  m_Direction: 1
  m_Center: {x: 0, y: 0, z: 0}
--- !u!136 &13653254
CapsuleCollider:
  m_ObjectHideFlags: 1
  m_PrefabParentObject: {fileID: 0}
  m_PrefabInternal: {fileID: 100100000}
  m_GameObject: {fileID: 133460}
  m_Material: {fileID: 0}
  m_IsTrigger: 0
  m_Enabled: 1
  m_Radius: 0.079
  m_Height: 0.6
  m_Direction: 1
  m_Center: {x: 0, y: 0, z: 0}
--- !u!136 &13659080
CapsuleCollider:
  m_ObjectHideFlags: 1
  m_PrefabParentObject: {fileID: 0}
  m_PrefabInternal: {fileID: 100100000}
  m_GameObject: {fileID: 102220}
  m_Material: {fileID: 0}
  m_IsTrigger: 0
  m_Enabled: 1
  m_Radius: 0.05
  m_Height: 0.5
  m_Direction: 1
  m_Center: {x: 0, y: 0, z: 0}
--- !u!136 &13663898
CapsuleCollider:
  m_ObjectHideFlags: 1
  m_PrefabParentObject: {fileID: 0}
  m_PrefabInternal: {fileID: 100100000}
  m_GameObject: {fileID: 108450}
  m_Material: {fileID: 0}
  m_IsTrigger: 1
  m_Enabled: 1
  m_Radius: 0.08
  m_Height: 0.5
  m_Direction: 1
  m_Center: {x: 0, y: 0, z: 0}
--- !u!136 &13669640
CapsuleCollider:
  m_ObjectHideFlags: 1
  m_PrefabParentObject: {fileID: 0}
  m_PrefabInternal: {fileID: 100100000}
  m_GameObject: {fileID: 149980}
  m_Material: {fileID: 0}
  m_IsTrigger: 1
  m_Enabled: 1
  m_Radius: 0.099
  m_Height: 0.6
  m_Direction: 1
  m_Center: {x: 0, y: 0, z: 0}
--- !u!136 &13672636
CapsuleCollider:
  m_ObjectHideFlags: 1
  m_PrefabParentObject: {fileID: 0}
  m_PrefabInternal: {fileID: 100100000}
  m_GameObject: {fileID: 106842}
  m_Material: {fileID: 0}
  m_IsTrigger: 1
  m_Enabled: 1
  m_Radius: 0.05
  m_Height: 0.29
  m_Direction: 1
  m_Center: {x: 0, y: 0, z: 0}
--- !u!136 &13673184
CapsuleCollider:
  m_ObjectHideFlags: 1
  m_PrefabParentObject: {fileID: 0}
  m_PrefabInternal: {fileID: 100100000}
  m_GameObject: {fileID: 169182}
  m_Material: {fileID: 0}
  m_IsTrigger: 1
  m_Enabled: 1
  m_Radius: 0.05
  m_Height: 0.3
  m_Direction: 1
  m_Center: {x: 0, y: 0, z: 0}
--- !u!136 &13679016
CapsuleCollider:
  m_ObjectHideFlags: 1
  m_PrefabParentObject: {fileID: 0}
  m_PrefabInternal: {fileID: 100100000}
  m_GameObject: {fileID: 181410}
  m_Material: {fileID: 0}
  m_IsTrigger: 0
  m_Enabled: 1
  m_Radius: 0.09
  m_Height: 0
  m_Direction: 1
  m_Center: {x: 0, y: 0, z: 0}
--- !u!136 &13681536
CapsuleCollider:
  m_ObjectHideFlags: 1
  m_PrefabParentObject: {fileID: 0}
  m_PrefabInternal: {fileID: 100100000}
  m_GameObject: {fileID: 136824}
  m_Material: {fileID: 0}
  m_IsTrigger: 1
  m_Enabled: 1
  m_Radius: 0.11
  m_Height: 0
  m_Direction: 1
  m_Center: {x: 0, y: 0, z: 0}
--- !u!137 &13704664
SkinnedMeshRenderer:
  m_ObjectHideFlags: 1
  m_PrefabParentObject: {fileID: 0}
  m_PrefabInternal: {fileID: 100100000}
  m_GameObject: {fileID: 118498}
  m_Enabled: 1
  m_CastShadows: 1
  m_ReceiveShadows: 1
  m_Materials:
  - {fileID: 2100000, guid: 4bd180b051e2ca54ebfe82cf04ec20a6, type: 2}
  m_SubsetIndices: 
  m_StaticBatchRoot: {fileID: 0}
  m_UseLightProbes: 1
  m_ReflectionProbeUsage: 1
  m_ProbeAnchor: {fileID: 0}
  m_ScaleInLightmap: 1
  m_PreserveUVs: 0
  m_IgnoreNormalsForChartDetection: 0
  m_ImportantGI: 0
  m_MinimumChartSize: 4
  m_AutoUVMaxDistance: 0.5
  m_AutoUVMaxAngle: 89
  m_LightmapParameters: {fileID: 0}
  m_SortingLayerID: 0
  m_SortingOrder: 0
  serializedVersion: 2
  m_Quality: 0
  m_UpdateWhenOffscreen: 0
  m_Mesh: {fileID: 4300010, guid: 8141a1e3f5562ba4d910d6c02d5d213c, type: 3}
  m_Bones:
  - {fileID: 493024}
  - {fileID: 455908}
  - {fileID: 411796}
  - {fileID: 435776}
  - {fileID: 477284}
  - {fileID: 429384}
  - {fileID: 433794}
  - {fileID: 491550}
  - {fileID: 436494}
  m_BlendShapeWeights: []
  m_RootBone: {fileID: 436494}
  m_AABB:
    m_Center: {x: -0.013408467, y: 0.037240535, z: 0.293505}
    m_Extent: {x: 0.18665154, y: 0.13690099, z: 0.22911596}
  m_DirtyAABB: 0
--- !u!137 &13708740
SkinnedMeshRenderer:
  m_ObjectHideFlags: 1
  m_PrefabParentObject: {fileID: 0}
  m_PrefabInternal: {fileID: 100100000}
  m_GameObject: {fileID: 128924}
  m_Enabled: 1
  m_CastShadows: 1
  m_ReceiveShadows: 1
  m_Materials:
  - {fileID: 2100000, guid: 4bd180b051e2ca54ebfe82cf04ec20a6, type: 2}
  m_SubsetIndices: 
  m_StaticBatchRoot: {fileID: 0}
  m_UseLightProbes: 1
  m_ReflectionProbeUsage: 1
  m_ProbeAnchor: {fileID: 0}
  m_ScaleInLightmap: 1
  m_PreserveUVs: 0
  m_IgnoreNormalsForChartDetection: 0
  m_ImportantGI: 0
  m_MinimumChartSize: 4
  m_AutoUVMaxDistance: 0.5
  m_AutoUVMaxAngle: 89
  m_LightmapParameters: {fileID: 0}
  m_SortingLayerID: 0
  m_SortingOrder: 0
  serializedVersion: 2
  m_Quality: 0
  m_UpdateWhenOffscreen: 0
  m_Mesh: {fileID: 4300020, guid: 8141a1e3f5562ba4d910d6c02d5d213c, type: 3}
  m_Bones:
  - {fileID: 435776}
  - {fileID: 403582}
  - {fileID: 477284}
  - {fileID: 411796}
  - {fileID: 452612}
  - {fileID: 476360}
  m_BlendShapeWeights: []
  m_RootBone: {fileID: 411796}
  m_AABB:
    m_Center: {x: 0.5520952, y: -0.023685247, z: -0.16389492}
    m_Extent: {x: 0.31845725, y: 0.17820245, z: 0.12005809}
  m_DirtyAABB: 0
--- !u!137 &13714412
SkinnedMeshRenderer:
  m_ObjectHideFlags: 1
  m_PrefabParentObject: {fileID: 0}
  m_PrefabInternal: {fileID: 100100000}
  m_GameObject: {fileID: 106118}
  m_Enabled: 1
  m_CastShadows: 1
  m_ReceiveShadows: 1
  m_Materials:
  - {fileID: 2100000, guid: 4bd180b051e2ca54ebfe82cf04ec20a6, type: 2}
  m_SubsetIndices: 
  m_StaticBatchRoot: {fileID: 0}
  m_UseLightProbes: 1
  m_ReflectionProbeUsage: 1
  m_ProbeAnchor: {fileID: 0}
  m_ScaleInLightmap: 1
  m_PreserveUVs: 0
  m_IgnoreNormalsForChartDetection: 0
  m_ImportantGI: 0
  m_MinimumChartSize: 4
  m_AutoUVMaxDistance: 0.5
  m_AutoUVMaxAngle: 89
  m_LightmapParameters: {fileID: 0}
  m_SortingLayerID: 0
  m_SortingOrder: 0
  serializedVersion: 2
  m_Quality: 0
  m_UpdateWhenOffscreen: 0
  m_Mesh: {fileID: 4300032, guid: 8141a1e3f5562ba4d910d6c02d5d213c, type: 3}
  m_Bones:
  - {fileID: 430908}
  - {fileID: 438216}
  m_BlendShapeWeights: []
  m_RootBone: {fileID: 430908}
  m_AABB:
    m_Center: {x: -0.2956906, y: 0.024572358, z: 0.053371504}
    m_Extent: {x: 0.14107072, y: 0.13462023, z: 0.12854922}
  m_DirtyAABB: 0
--- !u!137 &13742044
SkinnedMeshRenderer:
  m_ObjectHideFlags: 1
  m_PrefabParentObject: {fileID: 0}
  m_PrefabInternal: {fileID: 100100000}
  m_GameObject: {fileID: 137750}
  m_Enabled: 1
  m_CastShadows: 1
  m_ReceiveShadows: 1
  m_Materials:
  - {fileID: 2100000, guid: 4bd180b051e2ca54ebfe82cf04ec20a6, type: 2}
  m_SubsetIndices: 
  m_StaticBatchRoot: {fileID: 0}
  m_UseLightProbes: 1
  m_ReflectionProbeUsage: 1
  m_ProbeAnchor: {fileID: 0}
  m_ScaleInLightmap: 1
  m_PreserveUVs: 0
  m_IgnoreNormalsForChartDetection: 0
  m_ImportantGI: 0
  m_MinimumChartSize: 4
  m_AutoUVMaxDistance: 0.5
  m_AutoUVMaxAngle: 89
  m_LightmapParameters: {fileID: 0}
  m_SortingLayerID: 0
  m_SortingOrder: 0
  serializedVersion: 2
  m_Quality: 0
  m_UpdateWhenOffscreen: 0
  m_Mesh: {fileID: 4300012, guid: 8141a1e3f5562ba4d910d6c02d5d213c, type: 3}
  m_Bones:
  - {fileID: 400396}
  - {fileID: 433794}
  - {fileID: 486678}
  - {fileID: 429384}
  - {fileID: 455908}
  - {fileID: 410296}
  - {fileID: 491550}
  - {fileID: 493024}
  - {fileID: 461718}
  m_BlendShapeWeights: []
  m_RootBone: {fileID: 493024}
  m_AABB:
    m_Center: {x: -0.40753776, y: 0.05458518, z: 0.037439324}
    m_Extent: {x: 0.23581588, y: 0.18615285, z: 0.2438741}
  m_DirtyAABB: 0
--- !u!137 &13747454
SkinnedMeshRenderer:
  m_ObjectHideFlags: 1
  m_PrefabParentObject: {fileID: 0}
  m_PrefabInternal: {fileID: 100100000}
  m_GameObject: {fileID: 116554}
  m_Enabled: 1
  m_CastShadows: 1
  m_ReceiveShadows: 1
  m_Materials:
  - {fileID: 2100000, guid: 4bd180b051e2ca54ebfe82cf04ec20a6, type: 2}
  m_SubsetIndices: 
  m_StaticBatchRoot: {fileID: 0}
  m_UseLightProbes: 1
  m_ReflectionProbeUsage: 1
  m_ProbeAnchor: {fileID: 0}
  m_ScaleInLightmap: 1
  m_PreserveUVs: 0
  m_IgnoreNormalsForChartDetection: 0
  m_ImportantGI: 0
  m_MinimumChartSize: 4
  m_AutoUVMaxDistance: 0.5
  m_AutoUVMaxAngle: 89
  m_LightmapParameters: {fileID: 0}
  m_SortingLayerID: 0
  m_SortingOrder: 0
  serializedVersion: 2
  m_Quality: 0
  m_UpdateWhenOffscreen: 0
  m_Mesh: {fileID: 4300006, guid: 8141a1e3f5562ba4d910d6c02d5d213c, type: 3}
  m_Bones:
  - {fileID: 487618}
  - {fileID: 438564}
  - {fileID: 491550}
  m_BlendShapeWeights: []
  m_RootBone: {fileID: 491550}
  m_AABB:
    m_Center: {x: -0.5422074, y: -0.20324823, z: -0.05337307}
    m_Extent: {x: 0.14616483, y: 0.116730064, z: 0.12854919}
  m_DirtyAABB: 0
--- !u!137 &13750674
SkinnedMeshRenderer:
  m_ObjectHideFlags: 1
  m_PrefabParentObject: {fileID: 0}
  m_PrefabInternal: {fileID: 100100000}
  m_GameObject: {fileID: 175082}
  m_Enabled: 1
  m_CastShadows: 1
  m_ReceiveShadows: 1
  m_Materials:
  - {fileID: 2100000, guid: 4bd180b051e2ca54ebfe82cf04ec20a6, type: 2}
  m_SubsetIndices: 
  m_StaticBatchRoot: {fileID: 0}
  m_UseLightProbes: 1
  m_ReflectionProbeUsage: 1
  m_ProbeAnchor: {fileID: 0}
  m_ScaleInLightmap: 1
  m_PreserveUVs: 0
  m_IgnoreNormalsForChartDetection: 0
  m_ImportantGI: 0
  m_MinimumChartSize: 4
  m_AutoUVMaxDistance: 0.5
  m_AutoUVMaxAngle: 89
  m_LightmapParameters: {fileID: 0}
  m_SortingLayerID: 0
  m_SortingOrder: 0
  serializedVersion: 2
  m_Quality: 0
  m_UpdateWhenOffscreen: 0
  m_Mesh: {fileID: 4300016, guid: 8141a1e3f5562ba4d910d6c02d5d213c, type: 3}
  m_Bones:
  - {fileID: 435776}
  - {fileID: 411796}
  - {fileID: 493024}
  - {fileID: 477284}
  - {fileID: 422852}
  - {fileID: 436494}
  m_BlendShapeWeights: []
  m_RootBone: {fileID: 436494}
  m_AABB:
    m_Center: {x: -0.13263129, y: 0.10954517, z: -0.14491978}
    m_Extent: {x: 0.23308922, y: 0.12976186, z: 0.2543551}
  m_DirtyAABB: 0
--- !u!137 &13751006
SkinnedMeshRenderer:
  m_ObjectHideFlags: 1
  m_PrefabParentObject: {fileID: 0}
  m_PrefabInternal: {fileID: 100100000}
  m_GameObject: {fileID: 155280}
  m_Enabled: 1
  m_CastShadows: 1
  m_ReceiveShadows: 1
  m_Materials:
  - {fileID: 2100000, guid: 4bd180b051e2ca54ebfe82cf04ec20a6, type: 2}
  m_SubsetIndices: 
  m_StaticBatchRoot: {fileID: 0}
  m_UseLightProbes: 1
  m_ReflectionProbeUsage: 1
  m_ProbeAnchor: {fileID: 0}
  m_ScaleInLightmap: 1
  m_PreserveUVs: 0
  m_IgnoreNormalsForChartDetection: 0
  m_ImportantGI: 0
  m_MinimumChartSize: 4
  m_AutoUVMaxDistance: 0.5
  m_AutoUVMaxAngle: 89
  m_LightmapParameters: {fileID: 0}
  m_SortingLayerID: 0
  m_SortingOrder: 0
  serializedVersion: 2
  m_Quality: 0
  m_UpdateWhenOffscreen: 0
  m_Mesh: {fileID: 4300002, guid: 8141a1e3f5562ba4d910d6c02d5d213c, type: 3}
  m_Bones:
  - {fileID: 433794}
  - {fileID: 491550}
  - {fileID: 455908}
  - {fileID: 493024}
  - {fileID: 487618}
  - {fileID: 400396}
  - {fileID: 429384}
  m_BlendShapeWeights: []
  m_RootBone: {fileID: 493024}
  m_AABB:
    m_Center: {x: -0.38307652, y: -0.01932916, z: 0.20449153}
    m_Extent: {x: 0.20009306, y: 0.17588975, z: 0.15605035}
  m_DirtyAABB: 0
--- !u!137 &13753382
SkinnedMeshRenderer:
  m_ObjectHideFlags: 1
  m_PrefabParentObject: {fileID: 0}
  m_PrefabInternal: {fileID: 100100000}
  m_GameObject: {fileID: 162268}
  m_Enabled: 1
  m_CastShadows: 1
  m_ReceiveShadows: 1
  m_Materials:
  - {fileID: 2100000, guid: 4bd180b051e2ca54ebfe82cf04ec20a6, type: 2}
  m_SubsetIndices: 
  m_StaticBatchRoot: {fileID: 0}
  m_UseLightProbes: 1
  m_ReflectionProbeUsage: 1
  m_ProbeAnchor: {fileID: 0}
  m_ScaleInLightmap: 1
  m_PreserveUVs: 0
  m_IgnoreNormalsForChartDetection: 0
  m_ImportantGI: 0
  m_MinimumChartSize: 4
  m_AutoUVMaxDistance: 0.5
  m_AutoUVMaxAngle: 89
  m_LightmapParameters: {fileID: 0}
  m_SortingLayerID: 0
  m_SortingOrder: 0
  serializedVersion: 2
  m_Quality: 0
  m_UpdateWhenOffscreen: 0
  m_Mesh: {fileID: 4300018, guid: 8141a1e3f5562ba4d910d6c02d5d213c, type: 3}
  m_Bones:
  - {fileID: 411796}
  - {fileID: 477284}
  - {fileID: 493024}
  - {fileID: 435776}
  - {fileID: 403582}
  - {fileID: 436494}
  m_BlendShapeWeights: []
  m_RootBone: {fileID: 436494}
  m_AABB:
    m_Center: {x: -0.032590352, y: -0.120818764, z: -0.20648554}
    m_Extent: {x: 0.13304824, y: 0.12525201, z: 0.24552837}
  m_DirtyAABB: 0
--- !u!137 &13757296
SkinnedMeshRenderer:
  m_ObjectHideFlags: 1
  m_PrefabParentObject: {fileID: 0}
  m_PrefabInternal: {fileID: 100100000}
  m_GameObject: {fileID: 170706}
  m_Enabled: 1
  m_CastShadows: 1
  m_ReceiveShadows: 1
  m_Materials:
  - {fileID: 2100000, guid: 4bd180b051e2ca54ebfe82cf04ec20a6, type: 2}
  m_SubsetIndices: 
  m_StaticBatchRoot: {fileID: 0}
  m_UseLightProbes: 1
  m_ReflectionProbeUsage: 1
  m_ProbeAnchor: {fileID: 0}
  m_ScaleInLightmap: 1
  m_PreserveUVs: 0
  m_IgnoreNormalsForChartDetection: 0
  m_ImportantGI: 0
  m_MinimumChartSize: 4
  m_AutoUVMaxDistance: 0.5
  m_AutoUVMaxAngle: 89
  m_LightmapParameters: {fileID: 0}
  m_SortingLayerID: 0
  m_SortingOrder: 0
  serializedVersion: 2
  m_Quality: 0
  m_UpdateWhenOffscreen: 0
  m_Mesh: {fileID: 4300004, guid: 8141a1e3f5562ba4d910d6c02d5d213c, type: 3}
  m_Bones:
  - {fileID: 400396}
  - {fileID: 486678}
  - {fileID: 455908}
  - {fileID: 410296}
  - {fileID: 433794}
  - {fileID: 429384}
  - {fileID: 491550}
  - {fileID: 461718}
  m_BlendShapeWeights: []
  m_RootBone: {fileID: 455908}
  m_AABB:
    m_Center: {x: -0.4142887, y: 0.08517669, z: -0.0063753575}
    m_Extent: {x: 0.1766035, y: 0.15523525, z: 0.10830826}
  m_DirtyAABB: 0
--- !u!137 &13760218
SkinnedMeshRenderer:
  m_ObjectHideFlags: 1
  m_PrefabParentObject: {fileID: 0}
  m_PrefabInternal: {fileID: 100100000}
  m_GameObject: {fileID: 102022}
  m_Enabled: 1
  m_CastShadows: 1
  m_ReceiveShadows: 1
  m_Materials:
  - {fileID: 2100000, guid: 4bd180b051e2ca54ebfe82cf04ec20a6, type: 2}
  m_SubsetIndices: 
  m_StaticBatchRoot: {fileID: 0}
  m_UseLightProbes: 1
  m_ReflectionProbeUsage: 1
  m_ProbeAnchor: {fileID: 0}
  m_ScaleInLightmap: 1
  m_PreserveUVs: 0
  m_IgnoreNormalsForChartDetection: 0
  m_ImportantGI: 0
  m_MinimumChartSize: 4
  m_AutoUVMaxDistance: 0.5
  m_AutoUVMaxAngle: 89
  m_LightmapParameters: {fileID: 0}
  m_SortingLayerID: 0
  m_SortingOrder: 0
  serializedVersion: 2
  m_Quality: 0
  m_UpdateWhenOffscreen: 0
  m_Mesh: {fileID: 4300014, guid: 8141a1e3f5562ba4d910d6c02d5d213c, type: 3}
  m_Bones:
  - {fileID: 435776}
  - {fileID: 411796}
  - {fileID: 477284}
  - {fileID: 493024}
  - {fileID: 436494}
  - {fileID: 455908}
  m_BlendShapeWeights: []
  m_RootBone: {fileID: 436494}
  m_AABB:
    m_Center: {x: -0.0053970367, y: -0.080618665, z: 0.015414499}
    m_Extent: {x: 0.13446249, y: 0.1136155, z: 0.15799901}
  m_DirtyAABB: 0
--- !u!137 &13772944
SkinnedMeshRenderer:
  m_ObjectHideFlags: 1
  m_PrefabParentObject: {fileID: 0}
  m_PrefabInternal: {fileID: 100100000}
  m_GameObject: {fileID: 119106}
  m_Enabled: 1
  m_CastShadows: 1
  m_ReceiveShadows: 1
  m_Materials:
  - {fileID: 2100000, guid: 4bd180b051e2ca54ebfe82cf04ec20a6, type: 2}
  m_SubsetIndices: 
  m_StaticBatchRoot: {fileID: 0}
  m_UseLightProbes: 1
  m_ReflectionProbeUsage: 1
  m_ProbeAnchor: {fileID: 0}
  m_ScaleInLightmap: 1
  m_PreserveUVs: 0
  m_IgnoreNormalsForChartDetection: 0
  m_ImportantGI: 0
  m_MinimumChartSize: 4
  m_AutoUVMaxDistance: 0.5
  m_AutoUVMaxAngle: 89
  m_LightmapParameters: {fileID: 0}
  m_SortingLayerID: 0
  m_SortingOrder: 0
  serializedVersion: 2
  m_Quality: 0
  m_UpdateWhenOffscreen: 0
  m_Mesh: {fileID: 4300026, guid: 8141a1e3f5562ba4d910d6c02d5d213c, type: 3}
  m_Bones:
  - {fileID: 400396}
  - {fileID: 433794}
  - {fileID: 486678}
  - {fileID: 429384}
  - {fileID: 455908}
  - {fileID: 410296}
  - {fileID: 461718}
  - {fileID: 493024}
  - {fileID: 491550}
  m_BlendShapeWeights: []
  m_RootBone: {fileID: 493024}
  m_AABB:
    m_Center: {x: -0.41642845, y: 0.054806024, z: -0.03330338}
    m_Extent: {x: 0.24482335, y: 0.18446566, z: 0.2502342}
  m_DirtyAABB: 0
--- !u!137 &13773832
SkinnedMeshRenderer:
  m_ObjectHideFlags: 1
  m_PrefabParentObject: {fileID: 0}
  m_PrefabInternal: {fileID: 100100000}
  m_GameObject: {fileID: 101380}
  m_Enabled: 1
  m_CastShadows: 1
  m_ReceiveShadows: 1
  m_Materials:
  - {fileID: 2100000, guid: 4bd180b051e2ca54ebfe82cf04ec20a6, type: 2}
  m_SubsetIndices: 
  m_StaticBatchRoot: {fileID: 0}
  m_UseLightProbes: 1
  m_ReflectionProbeUsage: 1
  m_ProbeAnchor: {fileID: 0}
  m_ScaleInLightmap: 1
  m_PreserveUVs: 0
  m_IgnoreNormalsForChartDetection: 0
  m_ImportantGI: 0
  m_MinimumChartSize: 4
  m_AutoUVMaxDistance: 0.5
  m_AutoUVMaxAngle: 89
  m_LightmapParameters: {fileID: 0}
  m_SortingLayerID: 0
  m_SortingOrder: 0
  serializedVersion: 2
  m_Quality: 0
  m_UpdateWhenOffscreen: 0
  m_Mesh: {fileID: 4300008, guid: 8141a1e3f5562ba4d910d6c02d5d213c, type: 3}
  m_Bones:
  - {fileID: 422852}
  - {fileID: 435776}
  - {fileID: 411796}
  - {fileID: 471616}
  - {fileID: 477284}
  - {fileID: 467866}
  m_BlendShapeWeights: []
  m_RootBone: {fileID: 411796}
  m_AABB:
    m_Center: {x: 0.4749776, y: 0.32853028, z: 0.15580381}
    m_Extent: {x: 0.321517, y: 0.21101312, z: 0.123309895}
  m_DirtyAABB: 0
--- !u!137 &13773940
SkinnedMeshRenderer:
  m_ObjectHideFlags: 1
  m_PrefabParentObject: {fileID: 0}
  m_PrefabInternal: {fileID: 100100000}
  m_GameObject: {fileID: 106060}
  m_Enabled: 1
  m_CastShadows: 1
  m_ReceiveShadows: 1
  m_Materials:
  - {fileID: 2100000, guid: 4bd180b051e2ca54ebfe82cf04ec20a6, type: 2}
  m_SubsetIndices: 
  m_StaticBatchRoot: {fileID: 0}
  m_UseLightProbes: 1
  m_ReflectionProbeUsage: 1
  m_ProbeAnchor: {fileID: 0}
  m_ScaleInLightmap: 1
  m_PreserveUVs: 0
  m_IgnoreNormalsForChartDetection: 0
  m_ImportantGI: 0
  m_MinimumChartSize: 4
  m_AutoUVMaxDistance: 0.5
  m_AutoUVMaxAngle: 89
  m_LightmapParameters: {fileID: 0}
  m_SortingLayerID: 0
  m_SortingOrder: 0
  serializedVersion: 2
  m_Quality: 0
  m_UpdateWhenOffscreen: 0
  m_Mesh: {fileID: 4300024, guid: 8141a1e3f5562ba4d910d6c02d5d213c, type: 3}
  m_Bones:
  - {fileID: 493024}
  - {fileID: 455908}
  - {fileID: 411796}
  - {fileID: 477284}
  - {fileID: 435776}
  - {fileID: 433794}
  - {fileID: 429384}
  - {fileID: 461718}
  - {fileID: 436494}
  m_BlendShapeWeights: []
  m_RootBone: {fileID: 436494}
  m_AABB:
    m_Center: {x: -0.023776233, y: -0.044877395, z: 0.29276273}
    m_Extent: {x: 0.18665154, y: 0.13616595, z: 0.22837368}
  m_DirtyAABB: 0
--- !u!137 &13785434
SkinnedMeshRenderer:
  m_ObjectHideFlags: 1
  m_PrefabParentObject: {fileID: 0}
  m_PrefabInternal: {fileID: 100100000}
  m_GameObject: {fileID: 164256}
  m_Enabled: 1
  m_CastShadows: 1
  m_ReceiveShadows: 1
  m_Materials:
  - {fileID: 2100000, guid: 4bd180b051e2ca54ebfe82cf04ec20a6, type: 2}
  m_SubsetIndices: 
  m_StaticBatchRoot: {fileID: 0}
  m_UseLightProbes: 1
  m_ReflectionProbeUsage: 1
  m_ProbeAnchor: {fileID: 0}
  m_ScaleInLightmap: 1
  m_PreserveUVs: 0
  m_IgnoreNormalsForChartDetection: 0
  m_ImportantGI: 0
  m_MinimumChartSize: 4
  m_AutoUVMaxDistance: 0.5
  m_AutoUVMaxAngle: 89
  m_LightmapParameters: {fileID: 0}
  m_SortingLayerID: 0
  m_SortingOrder: 0
  serializedVersion: 2
  m_Quality: 0
  m_UpdateWhenOffscreen: 0
  m_Mesh: {fileID: 4300028, guid: 8141a1e3f5562ba4d910d6c02d5d213c, type: 3}
  m_Bones:
  - {fileID: 429384}
  - {fileID: 461718}
  - {fileID: 455908}
  - {fileID: 493024}
  - {fileID: 430908}
  - {fileID: 400396}
  - {fileID: 433794}
  m_BlendShapeWeights: []
  m_RootBone: {fileID: 493024}
  m_AABB:
    m_Center: {x: -0.36419567, y: 0.040139467, z: -0.24133801}
    m_Extent: {x: 0.20972422, y: 0.11992824, z: 0.18501401}
  m_DirtyAABB: 0
--- !u!137 &13789200
SkinnedMeshRenderer:
  m_ObjectHideFlags: 1
  m_PrefabParentObject: {fileID: 0}
  m_PrefabInternal: {fileID: 100100000}
  m_GameObject: {fileID: 136206}
  m_Enabled: 1
  m_CastShadows: 1
  m_ReceiveShadows: 1
  m_Materials:
  - {fileID: 2100000, guid: 4bd180b051e2ca54ebfe82cf04ec20a6, type: 2}
  m_SubsetIndices: 
  m_StaticBatchRoot: {fileID: 0}
  m_UseLightProbes: 1
  m_ReflectionProbeUsage: 1
  m_ProbeAnchor: {fileID: 0}
  m_ScaleInLightmap: 1
  m_PreserveUVs: 0
  m_IgnoreNormalsForChartDetection: 0
  m_ImportantGI: 0
  m_MinimumChartSize: 4
  m_AutoUVMaxDistance: 0.5
  m_AutoUVMaxAngle: 89
  m_LightmapParameters: {fileID: 0}
  m_SortingLayerID: 0
  m_SortingOrder: 0
  serializedVersion: 2
  m_Quality: 0
  m_UpdateWhenOffscreen: 0
  m_Mesh: {fileID: 4300022, guid: 8141a1e3f5562ba4d910d6c02d5d213c, type: 3}
  m_Bones:
  - {fileID: 435776}
  - {fileID: 411796}
  - {fileID: 477284}
  - {fileID: 493024}
  - {fileID: 491550}
  - {fileID: 436494}
  - {fileID: 455908}
  m_BlendShapeWeights: []
  m_RootBone: {fileID: 436494}
  m_AABB:
    m_Center: {x: -0.01409819, y: 0.07435524, z: -0.006656848}
    m_Extent: {x: 0.1575281, y: 0.12882864, z: 0.18410707}
  m_DirtyAABB: 0
--- !u!137 &13790168
SkinnedMeshRenderer:
  m_ObjectHideFlags: 1
  m_PrefabParentObject: {fileID: 0}
  m_PrefabInternal: {fileID: 100100000}
  m_GameObject: {fileID: 118586}
  m_Enabled: 1
  m_CastShadows: 1
  m_ReceiveShadows: 1
  m_Materials:
  - {fileID: 2100000, guid: 4bd180b051e2ca54ebfe82cf04ec20a6, type: 2}
  m_SubsetIndices: 
  m_StaticBatchRoot: {fileID: 0}
  m_UseLightProbes: 1
  m_ReflectionProbeUsage: 1
  m_ProbeAnchor: {fileID: 0}
  m_ScaleInLightmap: 1
  m_PreserveUVs: 0
  m_IgnoreNormalsForChartDetection: 0
  m_ImportantGI: 0
  m_MinimumChartSize: 4
  m_AutoUVMaxDistance: 0.5
  m_AutoUVMaxAngle: 89
  m_LightmapParameters: {fileID: 0}
  m_SortingLayerID: 0
  m_SortingOrder: 0
  serializedVersion: 2
  m_Quality: 0
  m_UpdateWhenOffscreen: 0
  m_Mesh: {fileID: 4300000, guid: 8141a1e3f5562ba4d910d6c02d5d213c, type: 3}
  m_Bones:
  - {fileID: 487618}
  - {fileID: 491550}
  - {fileID: 493024}
  - {fileID: 455908}
  - {fileID: 438564}
  - {fileID: 436494}
  m_BlendShapeWeights: []
  m_RootBone: {fileID: 436494}
  m_AABB:
    m_Center: {x: 0.10474877, y: 0.3258108, z: 0.28736305}
    m_Extent: {x: 0.106745854, y: 0.16395046, z: 0.1897698}
  m_DirtyAABB: 0
--- !u!137 &13791210
SkinnedMeshRenderer:
  m_ObjectHideFlags: 1
  m_PrefabParentObject: {fileID: 0}
  m_PrefabInternal: {fileID: 100100000}
  m_GameObject: {fileID: 153014}
  m_Enabled: 1
  m_CastShadows: 1
  m_ReceiveShadows: 1
  m_Materials:
  - {fileID: 2100000, guid: 4bd180b051e2ca54ebfe82cf04ec20a6, type: 2}
  m_SubsetIndices: 
  m_StaticBatchRoot: {fileID: 0}
  m_UseLightProbes: 1
  m_ReflectionProbeUsage: 1
  m_ProbeAnchor: {fileID: 0}
  m_ScaleInLightmap: 1
  m_PreserveUVs: 0
  m_IgnoreNormalsForChartDetection: 0
  m_ImportantGI: 0
  m_MinimumChartSize: 4
  m_AutoUVMaxDistance: 0.5
  m_AutoUVMaxAngle: 89
  m_LightmapParameters: {fileID: 0}
  m_SortingLayerID: 0
  m_SortingOrder: 0
  serializedVersion: 2
  m_Quality: 0
  m_UpdateWhenOffscreen: 0
  m_Mesh: {fileID: 4300030, guid: 8141a1e3f5562ba4d910d6c02d5d213c, type: 3}
  m_Bones:
  - {fileID: 430908}
  - {fileID: 461718}
  - {fileID: 493024}
  - {fileID: 455908}
  - {fileID: 438216}
  m_BlendShapeWeights: []
  m_RootBone: {fileID: 493024}
  m_AABB:
    m_Center: {x: -0.22531235, y: 0.1127852, z: -0.3801302}
    m_Extent: {x: 0.1546349, y: 0.2004666, z: 0.1567876}
  m_DirtyAABB: 0
--- !u!195 &19517780
NavMeshAgent:
  m_ObjectHideFlags: 1
  m_PrefabParentObject: {fileID: 0}
  m_PrefabInternal: {fileID: 100100000}
  m_GameObject: {fileID: 179320}
  m_Enabled: 1
  m_Radius: 0.37
  m_Speed: 1
  m_Acceleration: 8
  avoidancePriority: 50
  m_AngularSpeed: 60
  m_StoppingDistance: 1.6
  m_AutoTraverseOffMeshLink: 1
  m_AutoBraking: 1
  m_AutoRepath: 0
  m_Height: 1.6
  m_BaseOffset: 0
  m_WalkableMask: 5
  m_ObstacleAvoidanceType: 4
--- !u!1001 &100100000
Prefab:
  m_ObjectHideFlags: 1
  serializedVersion: 2
  m_Modification:
    m_TransformParent: {fileID: 0}
    m_Modifications: []
    m_RemovedComponents: []
  m_ParentPrefab: {fileID: 0}
  m_RootGameObject: {fileID: 179320}
  m_IsPrefabParent: 1
