%YAML 1.1
%TAG !u! tag:unity3d.com,2011:
--- !u!1 &156356
GameObject:
  m_ObjectHideFlags: 0
  m_PrefabParentObject: {fileID: 0}
  m_PrefabInternal: {fileID: 100100000}
  serializedVersion: 4
  m_Component:
  - 4: {fileID: 456834}
  - 114: {fileID: 11474772}
  - 136: {fileID: 13648748}
  m_Layer: 0
  m_Name: Cobra - SHOP
  m_TagString: GunShop
  m_Icon: {fileID: 0}
  m_NavMeshLayer: 0
  m_StaticEditorFlags: 0
  m_IsActive: 1
--- !u!1 &188538
GameObject:
  m_ObjectHideFlags: 0
  m_PrefabParentObject: {fileID: 0}
  m_PrefabInternal: {fileID: 100100000}
  serializedVersion: 4
  m_Component:
  - 4: {fileID: 426802}
  - 33: {fileID: 3354566}
  - 23: {fileID: 2307646}
  m_Layer: 0
  m_Name: Cobra
  m_TagString: Untagged
  m_Icon: {fileID: 0}
  m_NavMeshLayer: 0
  m_StaticEditorFlags: 0
  m_IsActive: 1
--- !u!4 &426802
Transform:
  m_ObjectHideFlags: 1
  m_PrefabParentObject: {fileID: 0}
  m_PrefabInternal: {fileID: 100100000}
  m_GameObject: {fileID: 188538}
  m_LocalRotation: {x: 0.7071066, y: 0, z: 0, w: -0.70710695}
  m_LocalPosition: {x: 0, y: 1.1, z: 0}
  m_LocalScale: {x: 5, y: 5, z: 5}
  m_LocalEulerAnglesHint: {x: 270, y: 0, z: 0}
  m_Children: []
  m_Father: {fileID: 456834}
  m_RootOrder: 0
--- !u!4 &456834
Transform:
  m_ObjectHideFlags: 1
  m_PrefabParentObject: {fileID: 0}
  m_PrefabInternal: {fileID: 100100000}
  m_GameObject: {fileID: 156356}
  m_LocalRotation: {x: 0, y: 0, z: 0, w: 1}
  m_LocalPosition: {x: 37.46, y: 2.08, z: -26.13}
  m_LocalScale: {x: 1, y: 1, z: 1}
  m_LocalEulerAnglesHint: {x: 0, y: 0, z: 0}
  m_Children:
  - {fileID: 426802}
  m_Father: {fileID: 0}
  m_RootOrder: 0
--- !u!23 &2307646
MeshRenderer:
  m_ObjectHideFlags: 1
  m_PrefabParentObject: {fileID: 0}
  m_PrefabInternal: {fileID: 100100000}
  m_GameObject: {fileID: 188538}
  m_Enabled: 1
  m_CastShadows: 1
  m_ReceiveShadows: 1
  m_Materials:
  - {fileID: 2100000, guid: b1ef718eff01b184985194afcab62985, type: 2}
  m_SubsetIndices: 
  m_StaticBatchRoot: {fileID: 0}
  m_UseLightProbes: 1
  m_ReflectionProbeUsage: 1
  m_ProbeAnchor: {fileID: 0}
  m_ScaleInLightmap: 1
  m_PreserveUVs: 0
  m_IgnoreNormalsForChartDetection: 0
  m_ImportantGI: 0
  m_MinimumChartSize: 4
  m_AutoUVMaxDistance: 0.5
  m_AutoUVMaxAngle: 89
  m_LightmapParameters: {fileID: 0}
  m_SortingLayerID: 0
  m_SortingOrder: 0
--- !u!33 &3354566
MeshFilter:
  m_ObjectHideFlags: 1
  m_PrefabParentObject: {fileID: 0}
  m_PrefabInternal: {fileID: 100100000}
  m_GameObject: {fileID: 188538}
  m_Mesh: {fileID: 4300000, guid: a97da33f506743140bba5d7a279179ed, type: 3}
--- !u!114 &11474772
MonoBehaviour:
  m_ObjectHideFlags: 1
  m_PrefabParentObject: {fileID: 0}
  m_PrefabInternal: {fileID: 100100000}
  m_GameObject: {fileID: 156356}
  m_Enabled: 1
  m_EditorHideFlags: 0
  m_Script: {fileID: 11500000, guid: 47452cfe1cd24fc4eb01366c7c230333, type: 3}
  m_Name: 
  m_EditorClassIdentifier: 
  gameManager: {fileID: 0}
  gun: {fileID: 153300, guid: 6c7d60b3e78a2d3498bf0d44c94bb6eb, type: 2}
  canvas: {fileID: 0}
  gunName: Cobra
  price: 2000
--- !u!136 &13648748
CapsuleCollider:
  m_ObjectHideFlags: 1
  m_PrefabParentObject: {fileID: 0}
  m_PrefabInternal: {fileID: 100100000}
  m_GameObject: {fileID: 156356}
  m_Material: {fileID: 0}
  m_IsTrigger: 1
  m_Enabled: 1
  m_Radius: 1.63
  m_Height: 0.42
  m_Direction: 1
  m_Center: {x: 0, y: 1.38, z: 0}
--- !u!1001 &100100000
Prefab:
  m_ObjectHideFlags: 1
  serializedVersion: 2
  m_Modification:
    m_TransformParent: {fileID: 0}
    m_Modifications: []
    m_RemovedComponents: []
  m_ParentPrefab: {fileID: 0}
  m_RootGameObject: {fileID: 156356}
  m_IsPrefabParent: 1
